3488 5564
2076 537 2119 600 4

991 724 1068 788 de
1127 724 1412 790 codicum
1475 722 1755 807 origine,
1821 720 2118 806 historia,
2174 721 2451 787 librariis
2473 769 2490 800 ‚
2535 723 2763 807 priscis
2810 723 3185 806 possessori-

989 845 1109 909 bus
1125 892 1142 924 ‚
1191 849 1308 910 cet.
1347 843 1693 908 traduntur
1709 889 1726 921 ‚
1768 843 2208 907 adiumentum
2247 843 2656 908 utilissimum
2694 843 2867 907 notis
2890 817 3201 908 Tironia?

987 968 1089 1030 nis
1132 965 1443 1051 praestari
1485 965 1705 1029 statim
1752 963 2061 1029 uidemus.
2108 963 2487 1049 Saepissime
2532 965 2704 1030 enim
2752 964 2821 1029 in
2860 964 3182 1029 codicibus

985 1086 1428 1151 uetustissimis
1465 1106 1565 1150 res
1587 1085 1777 1149 ualde
1802 1085 2241 1150 memorabiles
2264 1087 2435 1152 notis
2457 1086 2815 1170 adscriptae
2836 1085 3184 1150 inueniun-

986 1209 1110 1272 tur.
1169 1204 1366 1272 Cuius
1410 1207 1503 1271 rei
1546 1207 1683 1291 ipse
1728 1205 2012 1269 adferam
2060 1206 2418 1291 exemplum
2463 1206 2533 1271 in
2583 1207 2845 1271 edendis
2892 1207 2971 1271 iis
3017 1226 3180 1289 quae

982 1327 1282 1392 librarius
1340 1330 1559 1392 noster
1600 1330 1853 1411 praeter
1900 1325 2096 1390 Plinii
2142 1327 2337 1391 uerba
2381 1327 2632 1392 addidit
2678 1328 2756 1392 de
2802 1326 2983 1392 libris
3029 1327 3181 1391 olim

980 1451 1048 1513 in
1096 1449 1313 1513 codice
1357 1467 1472 1512 suo
1518 1445 1859 1512 contentis·
1907 1445 2129 1512 Vnum
2175 1449 2286 1511 sed
2329 1447 2727 1512 luculentum
2768 1447 2930 1511 libet
2951 1447 3180 1512 addere

982 1595 1020 1636 a
1081 1571 1510 1636 Ludouico
1573 1568 1899 1633 Traube
1957 1569 2320 1653 nuperrime
2379 1568 2702 1653 prolatum
2749 1567 3177 1652 (Wochen-

983 1691 1292 1768 schrift
1350 1691 1483 1754 fiir
1545 1689 1795 1753 klasS.
1859 1688 2383 1772 philologio,
2449 1688 2613 1766 VII,
2669 1689 2879 1767 1890,
2929 1688 3003 1753 n⁰
3055 1691 3178 1767 31,

978 1813 1096 1879 col.
1149 1812 1328 1894 835).
1375 1811 1632 1877 Scilicet
1672 1810 1782 1874 ille
1814 1809 1914 1873 uir
1954 1808 2178 1874 doctus
2218 1830 2361 1874 cum
2398 1809 2467 1873 in
2510 1809 2840 1888 notissimo
2880 1810 3173 1876 codice

977 1953 1226 1998 aureo
1287 1930 1744 1996 Ratisbonensi
1789 1929 1991 2016 (nunc
2038 1929 2444 2008 Monacensi)
2508 1935 2694 1995 notas
2739 1930 2987 2015 aliquot
3027 1953 3065 1995 a
3112 1953 3177 1996 se

977 2055 1257 2138 primum
1313 2053 1612 2117 inuentae
1658 2049 2081 2115 Guilelmo
2126 2048 2589 2115 Schmitzio
2636 2051 2776 2135 (qui
2822 2054 2999 2116 totus
3044 2051 3175 2116 fere

976 2175 1230 2240 habitat
1274 2175 1344 2238 in
1384 2171 1779 2252 Tironianis)
1819 2172 2165 2236 adiuuante
2203 2171 2531 2247 soluisset,
2568 2172 2989 2238 certissimum
3027 2173 3177 2238 inde

974 2295 1191 2361 hausit
1234 2296 1683 2378 argumentum
1729 2312 1857 2376 quo
1904 2292 2351 2376 comprobaret
2383 2290 2567 2356 illum
2606 2292 2886 2358 codicem
2924 2314 3055 2358 non
3096 2315 3173 2359 ex

977 2416 1423 2482 Parisiensium
1482 2414 1802 2498 pictorum
1864 2412 2081 2477 schola
2127 2415 2238 2477 sed
2284 2433 2360 2477 ex
2407 2409 2777 2478 Gorbeiensi
2823 2413 3171 2479 clarissimo

975 2537 1359 2604 monasterio
1405 2556 1538 2600 esse
1584 2535 1962 2598 oriundum:
2003 2534 2070 2597 id
2108 2533 2280 2617 quod
2317 2534 2645 2618 aptissime
2684 2535 2988 2599 conuenit
3026 2556 3170 2599 cum

972 2661 1052 2724 iis
1113 2679 1275 2744 quae
1333 2658 1676 2721 admodum
1740 2654 2057 2738 sagaciter
2115 2675 2191 2718 ex
2254 2653 2405 2718 solis
2464 2655 2620 2719 artis
2665 2655 3167 2740 proprietatibus

970 2780 1188 2865 paullo
1229 2782 1380 2845 ante
1419 2777 1775 2843 coniecerat
1813 2774 2352 2855 Ianitschek‚
2395 2776 2691 2861 quodque
2728 2779 2809 2842 ad
2833 2774 3167 2843 historiam

969 2901 1281 2987 pingendi
1347 2898 1789 2983 scribendique
1857 2896 2013 2961 artis
2082 2897 2154 2961 in
2224 2896 2418 2961 uariis
2480 2897 2674 2961 medii
2734 2897 2876 2963 aeui
2938 2896 3170 2962 scholis

971 3020 1477 3107 cognoscendam
1528 3019 1760 3085 summi
1805 3018 2116 3083 momenti
2162 3021 2259 3082 est
2304 3017 2693 3083 habendum.

1060 3142 1220 3208 Cum
1283 3142 1481 3225 igitur
1541 3139 1621 3203 ad
1678 3142 1881 3203 artem
1941 3133 2541 3223 palaeographicam
2588 3138 2709 3203 rite
2756 3141 3168 3204 exercendam

968 3267 1035 3330 et
1095 3269 1285 3329 notae
1342 3262 1727 3327 Tironianae
1776 3261 1996 3344 utique
2039 3260 2441 3344 pertineant,
2489 3260 2583 3323 ita
2632 3259 2887 3344 quidem
2937 3263 3012 3325 ut
3059 3261 3169 3345 qui

967 3385 1066 3450 illi
1104 3405 1360 3469 operam
1400 3383 1587 3461 dant,
1631 3382 1862 3447 harum
1884 3380 2099 3465 aliqua
2121 3380 2347 3445 saltem
2374 3380 2605 3446 notitia
2629 3401 2840 3445 carere
2864 3402 2996 3445 non
3020 3402 3168 3465 pos-

970 3507 1132 3583 sint,
1196 3525 1398 3589 pauca
1457 3502 1571 3567 illa
1633 3524 1798 3586 quae
1843 3501 2086 3565 inedita
2126 3505 2337 3565 seruat
2388 3499 2790 3565 Bibliotheca
2838 3499 3165 3564 Leidensis

972 3625 1320 3692 Vobiscum
1382 3623 1852 3691 communicare
1915 3622 2072 3686 mihi
2133 3622 2340 3687 liceat.
2404 3620 2601 3706 Spero
2667 3624 2878 3685 autem
2940 3620 3007 3684 id
3052 3642 3170 3685 nec

974 3748 1176 3813 Vobis
1211 3747 1343 3811 fore
1381 3746 1708 3830 ingratum
1753 3763 1869 3808 nec
1903 3742 2134 3807 litteris
2174 3743 2407 3807 nostris
2445 3741 2890 3808 communibus
2915 3762 3171 3826 prorsus

977 3870 1220 3934 inutile.
1273 3867 1522 3933 Valete.
