3488 5564
1352 539 1515 606 '15

503 728 638 776 Edit.
675 726 798 775 Keil.
828 742 952 802 ‘maa
1290 722 1433 773 Coda‘.
1465 724 1650 772 M—v.
2008 719 2156 774 codd.
2194 722 2379 786 reliqui.
2404 725 2451 782 ι)

571 795 882 912 ηῒιῖθὲιιῖἷιῒξιῑιῒ
1114 873 1228 906 cura
1279 860 1459 918 (curam
1507 858 1590 922 M)
1639 856 1819 906 maiore
1867 854 2183 925 [ac]curatius

564 1011 680 1058 paq,
713 995 762 1052 4,
793 993 878 1042 u„-
1192 925 1318 974 7033.

378 1092 524 1142 1—2.
571 1106 797 1154 umquam
832 1105 1064 1156 peraeque
1116 1077 1339 1152 umquam
1397 1104 1630 1154 peraeque
1689 1088 1817 1137 7033.
1868 1090 1979 1136 ante
2040 1103 2272 1152 peraeque
2280 1111 2294 1147 3
2362 1105 2571 1153 unquam

1181 1155 1526 1220 (peraequ[a]e)
1933 1155 2155 1220 precipue

379 1227 425 1277 2.
462 1223 601 1289 ζήλῳ
1111 1221 1237 1271 libro
1273 1223 1346 1281 M,
1393 1223 1523 1271 7033.
1556 1222 1752 1270 Lacuna
1766 1221 1819 1269 in
1868 1219 2033 1286 ζήλῳς
2087 1221 2212 1277 zelo;
2262 1222 2399 1283 stilo;
2439 1222 2572 1272 stillo

1184 1290 1242 1346 V,
1287 1291 1372 1338 sed
1401 1289 1455 1338 in
1487 1304 1635 1352 mat-9.
1672 1292 1818 1349 (man.

1180 1356 1275 1418 2?)
1289 1377 1306 1404 .-
1339 1355 1472 1405 stillo

381 1427 426 1474 3.
466 1425 668 1473 Calvum
1114 1423 1347 1472 omittunt
1381 1424 1454 1482 M,
1477 1422 1535 1480 V,
1583 1421 1714 1472 7033.
1868 1421 2071 1472 Caluum

381 1495 428 1540 4.
466 1491 698 1540 orationis
1113 1489 1282 1538 multis
1328 1491 1403 1544 M,
1467 1489 1592 1537 7033.
1657 1491 1721 1537 In
1772 1489 1814 1534 V
1868 1489 2099 1539 orationis

1167 1572 1260 1620 pro
1311 1555 1477 1606 multis
1533 1556 1585 1603 in
1636 1556 1816 1614 litura,

1180 1651 1305 1684 man.
1335 1651 1450 1684 rea:
1489 1621 1618 1682 offis

377 1705 427 1753 4.
462 1705 712 1752 tantorum
747 1703 963 1750 virorum
1113 1704 1296 1751 tantam
1331 1701 1587 1750 uerborum
1627 1702 1761 1750 7033.
1868 1703 2116 1749 tantorum
2152 1700 2368 1749 uirorum

378 1772 426 1817 4.
461 1769 732 1834 pauciquos
747 1784 923 1831 aequus
936 1783 1066 1817 ama·
1113 1768 1251 1834 pauci
1284 1784 1401 1832 quos
1435 1783 1611 1831 aequus
1639 1769 1820 1817 amauit
1869 1768 2006 1831 pauci
2024 1765 2221 1830 [lacuna
2232 1767 2283 1814 in
2298 1764 2573 1835 FJequitius

445 1835 518 1884 vit
1193 1835 1318 1884 7033.
1936 1834 1991 1890 1¹¹,
2025 1832 2262 1892 Riccard.;
2293 1835 2434 1898 pauci
2452 1849 2569 1897 quos

1936 1914 2109 1964 aequos
2142 1902 2203 1952 D.

379 1971 424 2017 5.
456 1968 648 2031 adsequi
1113 1968 1196 2032 qui
1229 1967 1358 2017 7033.
1870 1967 2090 2031 adsequi;
2146 1965 2339 2030 Iupiter
2388 1967 2573 2031 assequi

379 2037 424 2082 5.
464 2035 688 2084 materia.
1116 2035 1368 2084 materiam
1414 2032 1548 2082 Voss.
1870 2035 2073 2083 materia

378 2100 426 2149 6.
461 2101 770 2151 aemulationi
1115 2101 1433 2150 aemulatione
1477 2101 1600 2149 7033.
1868 2100 2177 2150 aemulationi

377 2169 424 2216 8.
463 2167 546 2231 qui
1116 2171 1170 2216 ut
1214 2168 1338 2217 7033.
1868 2168 1951 2231 qui

379 2234 423 2282 9.
454 2231 698 2290 ληκύθους
737 2234 945 2297 fugimus
1113 2233 1180 2282 ibi
1215 2235 1452 2298 fugiamus
1871 2231 2117 2289 ληκύθους
2150 2232 2359 2295 fugimus

378 2300 422 2348 9.
460 2301 679 2364 quotiens
1117 2303 1171 2350 ut
1203 2302 1348 2350 etiam
1393 2301 1516 2350 7033.
1867 2301 2087 2364 quotiens

377 2367 422 2415 9.
460 2367 681 2415 decedere
1111 2369 1315 2416 cedendo
1360 2368 1486 2418 7033.
1867 2368 2091 2416 decedere

375 2433 422 2484 9.
457 2449 552 2482 non
1111 2435 1345 2483 omittunt
1381 2435 1454 2492 M,
1478 2435 1536 2491 V,
1578 2433 1702 2485 7033.
1866 2449 1963 2482 non

376 2500 453 2548 10.
491 2499 860 2549 admonebamur
1111 2499 1449 2550 submouemur
1492 2501 1615 2549 7033.
1868 2501 1925 2549 ad
1961 2499 2092 2563 [sub]
2126 2499 2436 2549 monebamur

377 2566 453 2614 14.
490 2569 546 2614 tu
1111 2582 1207 2616 non
1254 2568 1377 2616 7033.
1867 2569 1923 2616 tu

375 2633 455 2680 15.
489 2633 631 2697 plane
666 2633 846 2696 aliquid
1112 2632 1294 2697 aliquid
1329 2634 1470 2695 plane
1514 2634 1638 2682 7033.
1868 2632 2007 2698 plane
2042 2632 2222 2696 aliquid

374 2698 453 2747 16.
491 2699 626 2747 audis
1112 2701 1276 2749 audias
1321 2701 1448 2748 7033.
1868 2700 2002 2750 audis

454 2796 657 2861 Docet
741 2797 896 2861 haec
963 2797 1202 2862 tabella
1272 2802 1670 2883 quantopere
1746 2800 2071 2882 conspiret
2134 2798 2564 2883 fragmentum

360 2916 744 2983 Vossianum
785 2940 926 2983 cum
953 2918 1184 2984 M—V·
1204 2920 1386 2984 codd.
1415 2920 1526 2984 ubi
1551 2920 1648 2983 illi
1674 2920 1795 2984 soli
1820 2942 1857 2983 a
1879 2919 2138 3004 reliquis
2161 2920 2565 3004 discrepant,

358 3048 567 3122 neque
625 3042 722 3103 est
783 3040 1204 3104 dubitandum
1270 3041 1425 3125 quin
1493 3042 1558 3104 et
1633 3041 1806 3107 Voss.
1870 3044 1936 3105 et
1984 3040 2207 3105 M—V
2254 3041 2563 3127 originem

359 3159 601 3223 ducant
660 3182 738 3223 ex
785 3181 911 3225 uno
957 3161 1302 3244 eodemque
1349 3160 1723 3245 archetypo,
1774 3160 1955 3235 Quod
2002 3164 2216 3225 tamen
2264 3183 2406 3225 cum
2431 3209 2447 3239 ‚
2495 3165 2571 3227 ut

360 3282 828 3362 demonstrauit
911 3279 1156 3345 Keilius
1171 3330 1185 3357 ‚
1261 3281 1619 3345 contineret
1688 3282 1998 3366 quaedam
2072 3304 2179 3346 seu
2254 3286 2567 3347 uetustate

363 3401 628 3487 detrita,
695 3423 806 3466 seu
868 3422 1333 3486 quamcumque
1400 3403 1589 3466 aliam
1653 3403 1736 3466 ob
1783 3423 2036 3467 causam
2086 3404 2328 3468 incerta
2374 3407 2567 3487 atque

362 3522 555 3587 etiam
603 3522 989 3607 interpolata
1035 3527 1101 3587 et
1139 3523 1521 3607 deformata,
1568 3544 1702 3588 non
1742 3526 1840 3588 est
1878 3524 2240 3588 mirandum
2279 3526 2333 3588 si
2372 3524 2565 3588 semel

363 3642 520 3707 facit
585 3642 753 3708 Voss.
819 3665 962 3708 cum
1024 3644 1332 3709 alterutro
1399 3665 1474 3708 ex
1540 3644 1685 3708 M-
1702 3644 1784 3722 V,
1834 3645 2151 3728 discrepat
2196 3644 2278 3708 ab
2324 3644 2523 3710 altero
2546 3692 2561 3722 ,

317 3834 326 3843 ‚
363 3764 497 3830 scil.
544 3784 690 3848 pag.
744 3767 814 3842 3,
868 3765 983 3832 lin.
1038 3766 1156 3829 10:
1205 3786 1324 3830 nec
1369 3765 1616 3831 consilii
1663 3765 1743 3843 V,
1807 3767 2017 3843 7033.,
2065 3787 2185 3830 nec
2225 3770 2289 3829 te
2314 3766 2564 3830 consilii

363 3884 432 3949 M
470 3906 612 3948 cum
651 3884 912 3969 reliquis
931 3935 948 3969 ,
994 3884 1096 3950 uel
1137 3887 1191 3949 si
1215 3887 1284 3949 in
1319 3890 1452 3949 tam
1488 3890 1626 3950 arta
1651 3885 2119 3950 necessitudine
2144 3886 2565 3951 inueniuntur
2626 3906 2631 3909 ·

362 4009 579 4069 tamen
618 4008 929 4089 quaedam
971 4007 1086 4070 uni
1126 4006 1443 4072 Vossiano
1486 4007 1765 4091 propria.
1815 4005 1987 4082 Quae
2017 4011 2269 4091 praeter
2290 4008 2564 4092 inscrip-

361 4126 569 4189 tiones
615 4148 653 4189 a
717 4125 888 4191 Voss.
936 4128 1200 4192 omnino
1247 4128 1544 4206 omissae,
1593 4132 1744 4192 sunt
1790 4128 2013 4194 haece:

439 4285 494 4349 1)
545 4284 606 4332 In
654 4284 742 4333 hac
791 4283 966 4333 tabella
1015 4285 1258 4334 continere
1307 4300 1380 4334 me
1430 4283 1564 4335 uolui
1595 4284 1647 4333 in
1680 4284 1885 4334 citandis
1918 4285 2034 4351 ipsis
2070 4302 2097 4334 a
2132 4286 2290 4336 Keilio
2326 4287 2569 4353 usurpatis

353 4366 488 4416 codd.
523 4381 667 4416 manu
701 4366 918 4431 scriptis,
954 4382 1102 4430 neque
1129 4375 1176 4415 et
1194 4367 1459 4417 editionum
1477 4371 1698 4417 ueterum
1714 4367 1943 4416 lectiones
1976 4373 2239 4418 cunctas
2274 4369 2567 4419 enumeraui.

352 4449 532 4498 Earum
581 4448 708 4498 enim
758 4450 816 4497 ad
852 4450 1034 4498 codices
1067 4443 1228 4500 uario's
1261 4450 1528 4515 promiscue
1564 4450 1907 4499 recensitarum
1940 4452 2055 4499 fides
2089 4454 2162 4500 est
2193 4451 2335 4501 ualde
2369 4452 2566 4503 incerta.

355 4530 537 4595 Quodsi
569 4530 721 4593 igitur
755 4531 1013 4581 rectissime
1047 4535 1094 4581 et
1130 4531 1238 4580 illas
1271 4532 1350 4581 hic
1384 4532 1484 4581 illic
1518 4532 1569 4580 in
1605 4548 1742 4581 usum
1778 4532 1968 4582 uocauit
1989 4533 2199 4593 Keilius,
2229 4549 2288 4582 ne
2305 4534 2421 4598 quid
2438 4535 2571 4600 operi

355 4628 441 4663 suo
476 4613 682 4673 deesset,
717 4613 830 4663 huic
862 4617 1024 4664 tamen
1059 4630 1165 4665 meo
1198 4615 1444 4680 proposito
1481 4618 1534 4665 ut
1567 4614 1747 4664 alienas
1779 4630 1857 4664 eas
1888 4615 2136 4681 plerasque
2170 4616 2322 4667 omisi.
