3488 5564
1964 529 2049 593 20

1084 713 1146 780 S.
1209 711 1260 778 O
1277 713 1320 777 h
1337 735 1370 776 r
1387 733 1424 776 o
1443 712 1484 776 d
1499 733 1534 777 e
1552 733 1599 797 g
1614 734 1653 777 a
1667 735 1713 777 n
1731 713 1815 798 gi
1879 713 2181 779 Metensis
2235 714 2538 802 Episcopi
2588 711 2836 799 Regula
2885 712 3101 779 Oano-

995 835 1281 900 nicorum
1305 883 1320 913 ,
1370 857 1450 901 ex
1495 837 1634 900 cod.
1678 833 1973 900 Leidensi
2017 835 2200 901 Vosa
2229 834 2369 902 Lat.
2395 835 2466 901 F.
2495 836 2617 915 94,
2644 857 2805 902 saec.
2834 834 3103 914 IX—X,

991 957 1088 1024 ed.
1136 956 1180 1024 S
1201 978 1236 1022 c
1252 956 1297 1020 h
1316 979 1379 1022 m
1395 957 1417 1020 i
1435 959 1464 1020 t
1482 979 1517 1021 z
1534 1007 1550 1040 ,
1600 955 2029 1022 Hannouerae
2049 1005 2066 1036 ,
2118 958 2311 1024 1889.

1089 1075 1138 1144 Ο
1156 1098 1434 1143 armen
1498 1080 1636 1144 cod.
1702 1076 1957 1144 Monac.
2026 1079 2243 1146 18628
2309 1080 2491 1165 (Teg.
2557 1079 2718 1166 628)
2754 1078 2892 1170 101.
2962 1079 3102 1157 94η

994 1177 1128 1264 col.
1166 1199 1226 1276 2,
1275 1220 1437 1264 saec.
1489 1197 1549 1263 X
1569 1246 1584 1276 ,
1635 1204 1784 1284 post
1831 1197 2109 1278 Sedulii,
2160 1199 2506 1268 walafridi
2553 1200 2767 1266 Strabi
2785 1249 2800 1280 ,
2828 1199 3107 1285 Eugenii

991 1321 1287 1386 Toletani
1351 1342 1589 1387 uersus.
1654 1319 1753 1388 Cf.
1817 1321 1869 1386 F
1885 1345 1918 1388 e
1934 1345 1967 1386 r
1983 1325 2045 1389 d.
2102 1323 2162 1388 R,
2178 1347 2221 1388 u
2237 1345 2360 1389 ess
2380 1372 2395 1402 ,
2446 1322 2657 1389 Ueber
2703 1324 2804 1389 die
2851 1322 3105 1407 'Pachy-

993 1443 1260 1529 graphie
1304 1443 1415 1508 der
1460 1442 1697 1508 R6'mcr
1741 1443 2026 1524 (Monac.
2082 1445 2283 1531 1879)
2301 1493 2318 1524 ,
2367 1466 2515 1530 pag.
2567 1446 2651 1510 29
2700 1448 2765 1510 et
2808 1445 2940 1511 tab.
2990 1443 3098 1511 61.

1083 1563 1676 1650 Prognostica,
1725 1563 1788 1632 S.
1836 1565 2336 1650 Hieronymi
2380 1567 2448 1631 in
2496 1566 2771 1651 Matth„
2822 1565 3100 1632 Gram-

1004 1710 1065 1751 m
1083 1687 1304 1752 atica
1373 1687 1686 1772 quaedam
1756 1691 2053 1772 excerpta
2072 1735 2087 1765 ,
2160 1710 2236 1752 ex
2304 1690 2442 1772 cod.
2506 1687 2699 1754 Bern.
2750 1688 2875 1753 611
2931 1688 3104 1773 (uide

992 1809 1249 1894 Hageni
1323 1808 1528 1875 Gatal.
1601 1807 1793 1874 Bern.
1866 1807 1959 1874 11⁰.
2035 1809 2233 1895 611),
2304 1831 2463 1875 saec.
2541 1806 2927 1892 VIII—IX,
3000 1811 3097 1872 ed.

994 1929 1364 1996 Schmitz
1412 1929 1477 1993 in
1524 1927 1947 1994 Deutsche
1991 1928 3102 2016 Stenographen-Zeitung,

1000 2050 1100 2116 III
1120 2098 1135 2129 ,
1193 2051 1360 2116 1888
1385 2097 1400 2127 ,
1447 2069 1594 2134 pag.
1649 2049 1778 2116 360
1828 2071 1968 2135 sqq.
2020 2089 2093 2100 —
2152 2050 2541 2127 Quibuscum
2589 2051 2920 2118 cohaeret:

1089 2173 1152 2240 S.
1220 2171 1276 2238 G
1293 2194 1326 2236 r
1345 2194 1378 2237 e
1395 2193 1490 2258 go
1507 2173 1615 2237 rii
1679 2173 1776 2240 M.
1838 2173 2123 2258 Regulae
2182 2174 2520 2260 pastoralis
2568 2177 2730 2259 part.
2782 2173 2885 2239 III
2902 2221 2917 2252 ,
2965 2197 3104 2259 cap.

1000 2297 1082 2360 12
1100 2347 1116 2380 ,
1183 2294 1352 2379 quod
1416 2316 1492 2360 ex
1553 2294 1833 2360 eiusdem
1898 2295 2131 2361 codicis
2195 2301 2377 2380 parte
2438 2295 2639 2362 altera
2657 2349 2673 2382 ,
2743 2318 2917 2362 nunc
2964 2296 3102 2362 cod.

997 2415 1192 2481 Paris,
1259 2415 1400 2480 Lat.
1472 2415 1722 2503 10756,
1782 2417 2149 2502 nuperrime
2195 2418 2293 2481 ed.
2345 2417 2435 2482 Sc
2454 2418 2576 2482 hm
2596 2419 2713 2482 itz
2758 2419 2828 2482 in
2877 2417 3102 2482 ›Fest-

994 2522 1220 2602 schrift
1256 2537 1773 2621 herausgegeben
1812 2538 1914 2603 bei
1954 2537 2375 2623 Gelegenheit
2410 2542 2523 2604 der
2561 2538 2972 2624 Entht'illung
2994 2541 3102 2604 des

995 2657 1251 2724 Gabel
1271 2659 1358 2723 sb
1377 2679 1458 2722 er
1475 2679 1519 2742 g
1536 2680 1615 2723 er
1675 2657 2030 2723 Denkmals
2091 2681 2194 2723 am
2263 2661 2344 2724 10
2394 2663 2646 2745 August
2698 2660 2869 2728 1890
2889 2712 2903 2736 ‚
2954 2683 3098 2727 vom

985 2779 1755 2866 Hauptfestausschusse”
1803 2780 2083 2867 (Monac.
2139 2780 2334 2861 1890)
2356 2829 2371 2860 ,
2420 2802 2568 2867 pag.
2625 2781 2753 2847 116
2801 2805 2937 2868 sqq.

1077 2900 1510 2967 Formulae
1578 2902 1763 2986 piae
1811 2904 1878 2966 et
1922 2901 2311 2986 Epistola
2361 2924 2449 2967 co
2472 2903 2659 2968 nsol
2682 2904 2958 2968 atoria
3006 2905 3101 2969 ad

987 3027 1436 3109 pergentes
1482 3024 1565 3088 in
1612 3023 1926 3088 bellum
1949 3072 1964 3102 ,
2006 3046 2083 3089 ex
2108 3026 2289 3091 codd.
2317 3025 2527 3093 Vatic.
2555 3025 2715 3111 Reg.
2743 3024 2907 3106 852,
2934 3048 3096 3096 saec.

990 3146 1056 3211 X
1101 3148 1167 3209 et
1207 3145 1337 3211 846
1359 3193 1374 3223 ,
1415 3166 1576 3211 saec.
1619 3144 1744 3231 IX,
1788 3145 1885 3210 ed.
1928 3145 1971 3211 S
1991 3145 2084 3210 ch
2104 3147 2298 3211 mitz
2337 3147 2406 3210 in
2450 3146 2706 3213 »Neues
2731 3146 2971 3213 Archiv
2996 3149 3108 3213 der
3134 3213 3139 3217 ,

993 3265 1338 3332 Gesellsch.
1386 3265 1430 3329 f.
1479 3265 1591 3330 alt.
1641 3266 1945 3331 deutsche
1992 3265 2650 3360 Geschichtskunde”,
2699 3266 2845 3346 XV,
2894 3268 3063 3334 1890
3082 3320 3098 3352 ,

993 3408 1139 3473 pag.
1191 3387 1322 3451 602
1370 3409 1508 3472 sqq.

1084 3508 1402 3574 Narratur
1438 3528 1628 3593 porro
1665 3508 1922 3593 (Isido
1942 3531 1991 3573 r.
2036 3513 2132 3574 ed.
2178 3509 2429 3575 Areual.
2479 3509 2607 3588 III,
2658 3512 2775 3588 363
2824 3511 3056 3597 Kopp
3081 3559 3098 3590 ,

995 3629 1325 3715 Palaeogr.
1375 3631 1514 3696 crit.
1567 3629 1633 3707 I,
1687 3630 1844 3709 326)
1883 3632 1961 3695 de
2008 3629 2133 3694 alio
2158 3631 2382 3696 codice
2419 3629 2736 3696 Isidori
2790 3631 3101 3699 Vaticano

995 3753 1166 3819 notis
1189 3753 1408 3819 Tiron.
1436 3751 1773 3836 descripta
1805 3751 1928 3826 Qui
1952 3754 2163 3816 tamen
2190 3751 2353 3817 liber
2379 3788 2463 3801 --
2482 3753 2535 3817 si
2553 3774 2855 3838 umquam
2873 3754 2995 3818 fuit
3014 3788 3100 3801 —

995 3875 1183 3940 hodie
1227 3880 1395 3941 certe
1437 3875 1507 3937 in
1555 3872 1874 3940 Vaticana
1920 3894 2054 3937 non
2098 3874 2428 3956 reperitur.

1087 3995 1373 4081 Denique
1431 3995 1495 4060 Η
1512 4018 1555 4080 y
1571 3996 1653 4078 gi
1670 3996 1754 4059 ni
1820 3996 2187 4060 Astronom.
2251 3995 2447 4060 codex
2495 3996 2668 4061 notis
2712 3997 2982 4082 scriptus
3027 3997 3099 4061 in

993 4117 1211 4182 eadem
1271 4115 1587 4183 Vaticana
1646 4114 1841 4178 fuisse
1904 4114 2135 4179 dicitur
2196 4137 2233 4179 a
2294 4114 2367 4180 P.
2418 4114 2525 4181 Be
2543 4139 2606 4182 m
2624 4117 2665 4181 b
2684 4139 2722 4182 o
2769 4118 2881 4202 qui
2930 4116 3098 4182 XIII

993 4241 1137 4305 Kal.
1185 4237 1368 4303 Febr.
1417 4258 1521 4300 an.
1575 4234 1750 4299 1513
1793 4236 1871 4299 ad
1921 4234 2155 4301 Iulium
2205 4236 2273 4301 II
2320 4236 2565 4323 Papam
2612 4238 2703 4303 sic
2739 4237 2871 4303 fere
2895 4240 3097 4324 scrip-

993 4362 1080 4427 sit
1107 4359 1155 4441 ¹)
1213 4356 1443 4442 (Epist.
1508 4355 1656 4421 fam.
1706 4356 1790 4438 V,
1842 4357 1940 4435 8):
1991 4382 2022 4418 ›
2062 4405 2077 4421 .
2106 4411 2119 4426 .
2146 4409 2162 4426 .
2188 4356 2349 4422 liber
2394 4359 2827 4443 superioribus
2874 4360 3095 4425 diebus

982 4548 1036 4612 1)
1103 4547 1219 4595 Post
1286 4542 1579 4597 Gruterum,
1649 4538 1925 4604 Koppium,
1978 4539 2149 4588 Tardis
2192 4539 2367 4589 citauit
2417 4538 2503 4589 illa
2553 4537 2611 4589 R.
2667 4541 2794 4591 Foe
2815 4545 3003 4592 τοῖοι·
3052 4542 3105 4593 in

899 4625 1347 4680 Jahrbiicher
1393 4622 1506 4670 fiir
1541 4621 1956 4686 Philologie
1988 4624 2102 4682 cet„
2138 4622 2320 4682 CXXI,
2358 4623 2515 4682 1880,
2549 4638 2657 4688 pag.
2696 4624 2775 4674 56.
