3488 5564
1439 513 1524 593 25

262 728 266 731 ·
390 698 622 762 damno
686 698 839 764 olim
902 699 1266 784 neglectum
1329 721 1407 764 ex
1468 720 1596 784 quo
1656 699 1912 763 haurire
1979 697 2315 782 possimus.
2384 695 2592 772 Quare

388 818 512 883 hoc
557 818 902 884 dolendum
949 823 1046 884 est
1090 824 1261 906 quod
1309 820 1468 885 adeo
1515 820 1699 904 pauci
1744 819 1870 884 uiri
1915 819 2088 883 docti
2130 822 2427 883 notarum
2452 821 2590 883 stu-

389 939 506 1005 dii·
566 940 727 1005 dant
781 962 1076 1026 operam;
1141 942 1456 1027 plerique:
1522 940 1777 1024 »Notae
1824 944 1978 1006 sunt
1998 989 2013 1018 ‚
2060 962 2193 1005 non
2240 939 2588 1025 leguntur”

387 1062 771 1128 existimant.
841 1059 1038 1128 Cuius
1086 1063 1535 1148 despicientiae
1581 1084 1772 1128 eausa
1817 1062 2161 1148 praecipua
2208 1064 2307 1127 est
2351 1061 2475 1126 sita
2517 1061 2589 1126 in

387 1183 624 1268 duplici
691 1205 904 1249 earum
955 1188 1207 1252 natura.
1278 1163 1558 1250 Etenim·
1581 1182 2004 1270 tachygraphi
2049 1182 2240 1248 hodie
2284 1184 2397 1268 qui
2442 1188 2595 1249 sunt

388 1305 672 1391 plerique
716 1306 860 1370 illas
907 1308 982 1371 ut
1026 1306 1288 1371 Latinas
1334 1310 1400 1371 et
1445 1307 1761 1371 obsoletas
1799 1305 2145 1390 philologis
2181 1305 2557 1390 relinquunt
2574 1351 2591 1384 ‚

391 1425 702 1512 philologi
769 1431 997 1494 contra
1020 1477 1034 1503 ,
1106 1448 1342 1512 paucos
1411 1429 1521 1492 sed
1589 1426 1857 1491 eximiae
1927 1427 2251 1492 doctrinae
2323 1426 2493 1490 uiros
2540 1426 2593 1490 si

394 1550 712 1636 exceperis
730 1598 746 1629 ‚
775 1550 854 1614 ad
879 1548 1355 1635 tachygraphos
1381 1550 1798 1614 remittendas
1824 1551 2107 1614 censent.
2138 1547 2401 1613 Accedit
2423 1546 2594 1631 quod

392 1673 688 1736 notarum
735 1673 1018 1737 studium
1065 1672 1322 1736 uidetur
1365 1671 1814 1736 difficillimum
1859 1691 1976 1734 nec
2022 1669 2148 1733 nisi
2194 1667 2591 1754 paucissimis

390 1813 844 1858 successurum.
920 1793 1010 1858 At
1056 1793 1125 1857 in
1174 1793 1378 1858 maius
1423 1792 1628 1857 multo
1674 1791 2077 1856 extolluntur
2123 1790 2273 1855 illae
2320 1789 2591 1855 difficul-

389 1918 572 1980 tates.
640 1914 810 1980 Nam
857 1915 977 1980 etsi
1020 1915 1311 2000 equidem
1356 1917 1525 1979 certe
1570 1934 1700 1978 non
1751 1913 1807 1977 is
1854 1935 1993 1978 sum
2040 1912 2151 1996 qui
2188 1911 2375 1977 facile
2412 1911 2591 1976 dixe-

386 2036 506 2099 rim
578 2036 834 2102 illarum
883 2037 1162 2102 studium
1183 2084 1199 2114 ‚
1252 2057 1384 2101 non
1431 2040 1650 2100 tamen
1695 2036 1765 2100 id
1811 2035 1932 2099 hac
1976 2037 2197 2099 nostra
2242 2035 2451 2098 aetate
2495 2032 2590 2096 ita

385 2161 482 2222 est
539 2159 847 2223 reclusum
923 2160 998 2222 ut
1043 2158 1386 2242 diligenter
1431 2157 1885 2242 quaerentibus
1934 2178 2063 2221 non
2112 2155 2325 2241 aliqua
2372 2174 2588 2219 earum

382 2279 613 2344 notitia
657 2259 861 2364 possit
905 2279 1284 2364 comparari.
1355 2277 1520 2354 Quid
1567 2279 1783 2344 enim?
1855 2277 2253 2343 Vetustiores
2292 2277 2370 2341 de
2415 2276 2589 2340 notis

384 2401 496 2485 qui
541 2405 810 2486 egerunt
850 2405 1135 2466 auctores
1154 2450 1171 2480 ,
1211 2401 1507 2486 inprimis
1549 2399 1860 2466 Gruterus
1897 2399 1965 2464 in
2001 2400 2301 2487 thesauro
2328 2397 2588 2462 notissi-

391 2543 494 2585 mo
523 2521 572 2604 1)
592 2571 608 2601 ‚
673 2543 982 2608 magnum
1035 2523 1301 2608 quidem
1367 2543 1702 2586 numerum
1767 2524 2066 2585 notarum
2126 2520 2630 2596 exhibuerunt‚.
2704 2567 2709 2572 -

387 2645 495 2709 sed
542 2665 686 2710 cum
733 2647 1038 2729 putarent
1081 2644 1224 2709 illan
1269 2665 1404 2708 esse
1447 2643 1612 2728 sigla
1656 2642 1852 2707 uariis
1899 2641 2102 2705 modis
2149 2643 2215 2704 et
2259 2641 2592 2705 arbitrarie

392 2763 539 2831 ficta
556 2813 572 2845 ,
647 2765 1072 2831 continebant
1115 2788 1181 2831 se
1226 2765 1294 2831 in
1344 2763 1777 2830 describendis
1822 2765 2142 2849 quotquot
2185 2761 2591 2847 reperieban-

388 2891 526 2954 tur:
584 2888 899 2974 explicare
966 2909 1143 2967 uero⁸
1165 2909 1271 2953 eas
1318 2910 1462 2953 cum
1509 2908 1628 2952 nee
1672 2889 2001 2953 tentarent
2048 2907 2166 2950 nee
2211 2890 2506 2970 possent,
2555 2909 2593 2950 a

386 3010 690 3074 memoria
735 2988 957 3074 nostra
1002 3010 1146 3095 plus
1194 3031 1394 3094 aequo
1443 3009 1807 3093 exigebant.
1879 3007 2103 3093 Neque
2131 3008 2277 3091 ‘ipse
2300 3006 2593 3092 Koppius

383 3129 544 3195 uitio
590 3131 704 3196 illo
753 3150 1014 3215 prorsus
1063 3134 1253 3196 caret.
1325 3130 1724 3216 Quamquam
1789 3130 1959 3194 enim
2007 3128 2249 3213 primus
2295 3127 2425 3193 fere
2472 3150 2591 3192 no-

379 3255 589 3316 tarum
658 3273 876 3317 ueram
945 3256 1243 3318 naturam
1290 3252 1614 3337 perspexit
1660 3254 1726 3315 et
1771 3248 2025 3336 egregie
2071 3250 2148 3315 de
2194 3250 2271 3314 iis
2317 3251 2558 3320 tractat
2574 3230 2609 3327 ‚²

378 3371 630 3440 lexicon
673 3377 888 3438 tamen
937 3374 1070 3438 eius
1115 3374 1260 3439 usui
1305 3372 1629 3438 cotidiano
1675 3371 1939 3436 minime
1986 3374 2084 3437 est
2130 3374 2382 3456 aptum;
2436 3392 2590 3435 nam

376 3494 563 3557 notas
610 3514 724 3577 per
768 3493 1129 3559 litterarum
1176 3494 1498 3578 quendam
1541 3492 1831 3557 ordinem
1871 3492 2213 3575 dispositas
2251 3492 2345 3556 ita
2369 3491 2595 3573 edidit,-

379 3614 458 3676 ut
501 3613 870 3679 difficillime
916 3615 1259 3700 quicquam
1307 3613 1619 3680 mehercle
1666 3614 1737 3679 in
1782 3614 1861 3679 iis
1907 3613 2186 3698 reperias
2208 3660 2223 3691 ‚
2272 3612 2398 3677 nisi
2433 3613 2591 3697 quid

380 3734 467 3799 sit
510 3736 961 3819 reperiundum
983 3783 998 3813 ,
1048 3740 1242 3801 antea
1289 3736 1688 3819 cognoueris.
1762 3738 1851 3801 At
1895 3736 2278 3820 procedente
2300 3737 2589 3819 tempore

383 3854 440 3920 G
457 3856 551 3921 ab
568 3856 746 3921 elsb
764 3879 798 3921 e
815 3858 1002 3942 rgiu
1019 3880 1048 3922 s
1066 3910 1081 3941 ,
1130 3857 1552 3923 recentiorum
1579 3855 2171 3942 tachygraphorum
2199 3854 2385 3919 facile
2406 3855 2590 3939 prin-

379 3997 556 4061 ceps,
609 3980 674 4041 et
727 3977 880 4047 Iul.
927 3978 1235 4043 Tardis
1270 3979 1336 4044 id
1385 3980 1555 4065 quod
1623 3979 1915 4064 Koppius
1963 3979 2331 4044 coniectura
2376 3976 2591 4061 potius

377 4097 474 4161 est
534 4098 868 4165 adsecutus
937 4124 1132 4186 quam
1180 4101 1349 4167 facto
1396 4101 1844 4185 comprobauit
1865 4148 1881 4171 ,
1929 4101 2190 4186 longius
2238 4102 2392 4164 sunt
2437 4121 2589 4184 pro-

367 4220 604 4285 secuti:
652 4221 948 4305 inprimis
996 4244 1148 4287 uero
1198 4221 1417 4287 Guil.
1458 4221 1873 4300 Schmitz,
1920 4222 2027 4307 qui
2068 4222 2140 4286 in
2166 4221 2338 4286 hisce
2363 4219 2590 4286 studiis

371 4362 547 4405 nunc
608 4341 739 4407 fere
799 4347 1068 4428 regnat,
1116 4344 1257 4409 luce
1305 4343 1535 4409 clarius
1583 4343 2051 4408 demonstrauit
2098 4346 2283 4406 notas
2330 4339 2588 4405 Tironi-

453 4532 504 4593 1)
555 4531 704 4581 Cuius
745 4531 894 4581 editio
939 4532 1122 4597 optima
1166 4532 1415 4582 inuenitur
1461 4533 1512 4581 in
1561 4534 1654 4581 fine
1697 4502 1740 4580 G
1760 4547 1786 4580 r
1803 4548 1834 4581 u
1854 4534 1877 4579 t
1892 4547 1917 4580 e
1937 4532 1995 4580 ri
2041 4530 2421 4596 Inscriptionum
2454 4532 2593 4581 Anti-

357 4628 563 4677 quarum
595 4614 746 4665 totius
779 4614 924 4664 Orbis
959 4616 1162 4665 Romani
1195 4614 1420 4665 editionis
1453 4614 1859 4665 Commelinianae
1891 4614 1990 4679 [an.
2033 4614 2187 4679 1602]
2220 4613 2419 4679 primae.
