3488 5564
1952 513 2121 576 10-

982 700 1106 765 Illa
1162 700 1364 784 igitur
1421 720 1498 764 ex
1558 700 1740 781 parte
1800 718 1945 761 cum
2005 695 2198 761 Plinii
2258 694 2673 778 epistularum
2732 694 3086 760 recensioni

893 822 1054 886 bene
1111 843 1283 885 nune
1344 822 1558 904 potest
1620 819 1867 884 consuli
1930 819 2299 901 recuperato
2362 817 2575 882 codice
2622 817 3047 882 Riccardiano
3067 862 3084 894 ,

891 944 1162 1008 alterum
1231 945 1432 1009 restat
1496 941 1664 1026 quod
1735 943 1997 1025 propter
2066 939 2376 1004 bonorum
2448 938 2733 1003 codicum
2801 938 3085 1021 inopiam

890 1065 1148 1149 penitus
1206 1063 1532 1128 absoluere
1593 1061 1806 1127 Keilio
1870 1083 2001 1125 non
2063 1061 2248 1124 licuit
2267 1108 2281 1137 ‚
2346 1060 2566 1124 seriori
2630 1064 2847 1124 tamen
2896 1059 3087 1124 aetati

889 1186 1087 1269 copiis
1123 1184 1205 1250 ab
1243 1184 1356 1248 illo
1395 1184 1628 1248 oblatis
1668 1204 1819 1247 usae
1854 1183 2122 1247 fortasse
2159 1182 2502 1267 aliquando
2544 1181 2783 1246 licebit.
2835 1179 3089 1245 Scilicet

887 1329 1136 1372 summa
1183 1327 1327 1371 cum
1375 1328 1526 1371 cura
1570 1304 1803 1389 ubique
1850 1308 1946 1368 est
1990 1303 2419 1388 quaerendum
2465 1302 2630 1386 siqui
2674 1301 2873 1385 ipsius
2895 1300 3086 1383 primi

889 1433 954 1494 et
991 1429 1215 1514 optimi
1254 1429 1542 1492 codicum
1583 1426 1833 1511 generis
1874 1429 2065 1490 testes
2105 1425 2277 1488 illius
2314 1424 2728 1508 sagacitatem
2769 1422 3085 1506 fugerint,

890 1549 1210 1634 supersint
1254 1551 1468 1612 tamen
1517 1552 1582 1612 et
1626 1548 1696 1610 in
1746 1569 1921 1612 usum
1975 1545 2191 1610 uocari
2235 1545 2422 1610 bodie
2467 1544 2735 1629 possint.
2783 1543 2965 1619 Quod
3014 1565 3087 1608 eo

892 1670 1095 1754 magis
1162 1669 1327 1733 foret
1396 1671 1770 1752 exoptatum
1842 1688 1985 1732 cum
2056 1667 2372 1731 bonorum
2436 1666 2723 1730 codicum
2788 1686 3088 1730 numerus

891 1791 1182 1876 quamuis
1251 1789 1543 1854 uideatur
1611 1790 1713 1854 sat
1780 1809 2054 1873 magnus
2074 1839 2091 1873 ,
2160 1810 2381 1853 reuera
2441 1788 2525 1852 sit
2587 1786 2771 1852 ualde
2831 1808 3085 1870 paruus.

891 1913 1059 1979 Nam
1105 1911 1381 1977 secundo
1428 1932 1660 1996 genere
1705 1914 1910 1996 quod,
1960 1913 2035 1976 ut
2080 1910 2243 1988 dixi,
2294 1913 2549 1974 centum
2587 1913 2842 1975 tantum
2884 1910 3091 1974 conti-

892 2037 1004 2099 net
1062 2032 1402 2118 epistulae,
1466 2033 1535 2096 in
1598 2052 1837 2117 magna
1901 2032 2317 2117 epistularum
2382 2034 2565 2116 parte
2626 2031 2770 2112 (IV,
2835 2031 2957 2117 263
3008 2029 3091 2108 V,

895 2154 1156 2234 ‘7—-IX,
1205 2155 1319 2240 40)
1365 2176 1648 2220 caremus
1695 2155 1777 2218 ad
1823 2155 2196 2219 iudicandas
2236 2155 2486 2238 generis
2525 2154 2715 2239 primi
2753 2154 3095 2230 lectiones3

894 2278 1153 2342 tertium
1214 2280 1426 2342 autem
1488 2297 1691 2361 genus
1738 2276 1976 2340 nullius
2023 2278 2154 2341 fere
2201 2278 2300 2340 est
2344 2277 2551 2360 pretii.
2601 2275 2727 2340 Hic
2774 2277 2974 2361 igitur
3020 2297 3097 2339 ex

897 2398 1034 2464 solo
1079 2419 1311 2483 genere
1357 2398 1562 2482 primo
1612 2398 1850 2481 pendet
1892 2398 2206 2475 recensio,
2257 2398 2603 2463 maximam
2651 2419 2802 2462 uero
2847 2400 3093 2482 partem

897 2541 974 2584 ex
1020 2520 1154 2584 solo
1201 2519 1338 2583 cod.
1387 2517 1688 2583 Mediceo.
1740 2516 1897 2582 Eius
1945 2518 2109 2582 enim
2161 2518 2472 2602 gemellus
2509 2516 2859 2583 Vaticanus
2896 2518 3094 2582 libros

896 2638 1145 2706 V-IX
1181 2639 1469 2723 integros
1508 2639 1757 2714 amisit,
1799 2640 1865 2701 et
1903 2638 1971 2702 in
2010 2638 2371 2722 fragmento
2411 2639 2839 2704 uetustissimo
2864 2639 3091 2703 Mona-

897 2762 1067 2827 censi
1114 2761 1275 2826 (luae
1321 2763 1576 2825 tantum
1624 2758 1935 2844 epistulae
1980 2761 2136 2824 sunt
2183 2764 2489 2825 seruatae.
3100 2737 3113 2746 ⁶

984 2882 1071 2947 Et
1131 2881 1319 2947 facile
1380 2881 1692 2946 mehercle
1753 2902 1870 2946 nos
1930 2882 2403 2945 consolaremur
2464 2882 2542 2946 de
2602 2882 2715 2946 illa
2778 2882 3097 2947 bonorum

895 3004 1204 3068 librorum
1265 3003 1620 3087 paucitate,
1685 3002 1738 3066 si
1801 3002 1912 3085 qui
1969 3000 2157 3065 nobis
2202 3006 2546 3085 supersunt
2592 3002 2809 3067 fideles
2860 3002 3102 3086 ubique

898 3126 1089 3190 duces
1155 3123 1334 3207 sequi
1395 3143 1739 3207 possemus.
1806 3125 1894 3187 At
1952 3123 2215 3187 minime
2276 3124 2369 3187 ita
2415 3127 2529 3189 ent.
2591 3122 2761 3187 Nam
2810 3124 3107 3208 quamuis

905 3246 1039 3311 sint
1096 3244 1496 3310 auctoritatis
1554 3244 1900 3328 plurimae,
1967 3243 2169 3308 multa
2216 3248 2430 3307 tamen
2478 3243 2722 3308 habent
2768 3246 3066 3327 corrupta
3085 3292 3102 3326 ‚

897 3367 1178 3451 locisque
1247 3364 1676 3450 compluribus
1748 3386 1941 3449 opera
2009 3364 2487 3449 interpolatoris
2556 3358 2885 3429 cuiusdam
2952 3367 3105 3428 sunt

897 3486 1269 3564 deformati,
1311 3491 1384 3551 ut
1425 3508 1556 3550 non
1595 3485 1802 3550 solum
1842 3486 2137 3569 diligenti
2176 3507 2319 3550 cum
2356 3485 2537 3549 libris
2563 3486 2815 3569 generis
2839 3485 3100 3550 secundi

899 3607 1373 3691 comparatione
1419 3606 1735 3671 euincitur
1756 3654 1770 3682 ,
1819 3606 1929 3670 sed
1974 3606 2110 3690 ipse
2156 3608 2342 3670 docet
2390 3605 2712 3670 dissensus
2748 3610 2847 3671 sat
2885 3606 3103 3670 creber

898 3730 1068 3793 inter
1113 3728 1188 3794 M
1235 3732 1298 3793 et
1344 3727 1424 3805 V,
1472 3728 1582 3812 qui
1631 3731 1848 3791 tamen
1891 3728 2048 3812 quin
2088 3748 2165 3789 ex
2206 3748 2334 3791 uno
2376 3730 2722 3812 eodemque
2761 3727 3105 3811 exemplari

898 3849 1201 3914 fluxerint
1261 3847 1540 3912 dubitari
1587 3848 1833 3931 nequit.
1882 3847 2385 3912 Inueniebantur
2433 3848 2733 3912 nimirum
2785 3848 2899 3911 illa
2947 3848 3108 3912 uitia

894 3972 1022 4035 iam
1061 3972 1133 4035 in
1175 3990 1390 4033 eorum
1433 3968 1798 4053 archetypo,
1845 3968 2039 4033 Cuius
2078 3990 2239 4053 quae
2280 3970 2469 4034 fuerit
2507 3969 2753 4034 indoles
2795 3971 2868 4033 ut
2892 3968 3106 4033 animo

899 4092 1086 4157 nobis
1132 4110 1324 4174 quam
1371 4089 1841 4153 accuratissime
1882 4090 2236 4173 fingamus,
2277 4090 2344 4153 id
2385 4111 2632 4173 semper
2669 4090 2791 4154 erit
2830 4088 3109 4154 officium

897 4213 1328 4297 praecipuum.
1376 4209 1463 4275 Et
1487 4210 1821 4274 subuenire
1844 4210 2098 4294 quidem
2124 4210 2339 4294 aliquo
2366 4214 2553 4275 modo
2578 4214 2830 4295 poterat
2854 4208 3098 4274 Keilius

901 4335 998 4399 illi
1037 4334 1204 4399 malo
1244 4355 1320 4397 ex
1361 4333 1638 4397 editione
1677 4332 1917 4396 Aldina.
1959 4354 2063 4396 an.
2111 4332 2303 4397 1508.
2348 4331 2555 4397 Aldus
2596 4333 2799 4416 enim,
2848 4335 2922 4396 ut
2945 4331 3105 4412 dixi,

903 4455 1116 4520 codice
1155 4458 1250 4519 est
1282 4475 1432 4517 usus
1454 4454 1523 4518 in
1550 4452 1760 4519 Gallia
1784 4457 2034 4537 reperto
2054 4500 2069 4529 ,
2096 4455 2205 4517 sed
2230 4454 2451 4537 postea
2475 4453 2738 4530 amisse,
2765 4452 2875 4537 qui
2901 4450 3107 4515 Medi-

905 4596 1084 4639 ceum
1152 4575 1290 4640 cod.
1363 4594 1494 4637 non
1564 4574 1770 4638 solum
1838 4571 2211 4656 integritate
2277 4594 2499 4637 uerum
2562 4573 2753 4637 etiam
2815 4572 3106 4637 bonitate
