3488 5564
1411 533 1492 598 17

347 719 654 802 appareat
698 715 1028 780 librarium
1068 716 1254 800 plura
1293 715 1643 781 describere
1684 715 1987 786 noluisse.
2033 716 2185 780 Alia
2222 716 2423 801 igitur
2462 717 2559 780 est

349 859 536 904 causa
595 858 791 922 quare
852 839 923 903 in
988 838 1316 903 nostris
1381 837 1788 923 potissimum
1837 839 2149 904 uocabulo
2200 837 2396 904 finem
2443 839 2552 902 ille

347 961 598 1044 fecerit,
663 964 728 1025 et
789 960 926 1024 iure
990 960 1148 1025 mihi
1210 960 1432 1025 uideor
1495 961 1782 1026 conicere
1828 962 1971 1026 ideo
2017 962 2086 1025 id
2133 983 2267 1028 esse
2311 960 2554 1027 factum
2602 993 2607 998 ·

344 1083 514 1167 quod
573 1083 645 1147 in
705 1081 876 1148 illius
937 1081 1282 1167 archetypo
1345 1082 1584 1166 pagina
1643 1082 1853 1167 prima
1917 1104 1992 1148 eo
2049 1083 2191 1167 ipso
2241 1082 2553 1147 uocabulo

350 1203 764 1269 clauderetur.
812 1203 994 1278 Quod
1041 1203 1094 1267 si
1143 1203 1236 1267 ita
1283 1206 1378 1267 est
1398 1250 1413 1280 ,
1453 1203 1766 1267 indicium
1812 1204 2081 1270 fortasse
2119 1204 2211 1268 ibi
2252 1203 2558 1270 habemus

349 1328 425 1390 de
469 1325 798 1410 archetypi
843 1324 1049 1390 forma
1092 1327 1375 1389 externa.
1435 1323 1599 1390 Cum
1648 1346 1799 1389 uero
1850 1329 2082 1411 agatur
2127 1329 2206 1391 de
2251 1325 2556 1410 epistula-

347 1468 490 1512 rum
563 1446 862 1525 initio,
936 1468 1066 1512 non
1139 1446 1264 1510 nisi
1334 1446 1706 1512 dubitanter
1777 1447 1845 1512 id
1916 1447 2111 1512 uelim
2183 1467 2557 1532 proponere.

348 1567 645 1632 Forsitan
691 1569 863 1634 enim
902 1568 1143 1653 aliquid
1184 1568 1377 1653 spatii
1419 1547 1510 1634 ib'i
1555 1569 1747 1634 fuerit
1798 1569 2091 1635 relietum
2132 1569 2324 1634 titulo
2368 1569 2560 1634 alicui

349 1691 636 1776 epistulis
694 1691 1104 1776 praefigendo
1134 1691 1219 1778 ¹):
1282 1712 1476 1775 quam
1523 1692 1607 1755 ob
1655 1713 1915 1756 causam
1965 1693 2219 1777 saepius
2265 1693 2334 1757 in
2384 1691 2560 1756 codi-

351 1813 528 1878 cibus
565 1813 706 1898 ipsa
745 1813 986 1897 pagina
1023 1814 1233 1897 prima
1280 1834 1319 1876 a
1367 1812 1624 1897 reliquis
1672 1813 1974 1879 differens
2025 1835 2171 1879 cum
2221 1813 2346 1878 illis
2385 1833 2560 1878 com-

354 1935 567 2020 parari
607 1955 738 2000 non
785 1935 923 1999 sine
969 1956 1217 2001 summa
1266 1935 1567 2001 cautione
1613 1939 1845 2020 potest.

441 2177 1029 2263 Fragmentum
1090 2177 1290 2262 igitur
1351 2177 1472 2242 hoc
1539 2178 2051 2244 Vossianum
2099 2180 2243 2244 ideo
2292 2179 2561 2245 alicuius

349 2305 446 2366 est
506 2300 848 2382 momenti,
910 2300 1081 2384 quod
1128 2299 1515 2384 optimorum
1565 2301 1856 2366 codicum
1904 2301 2354 2367 auctoritatem
2404 2323 2558 2367 con-

345 2422 561 2518 firmat
595 2423 801 2506 iisque
841 2442 1084 2486 nouum
1123 2422 1398 2505 accedit,
1442 2423 1733 2507 quamuis
1770 2445 2071 2509 paruum,
2103 2424 2562 2494 testimonium.

350 2545 568 2610 Aliam
605 2565 756 2610 uero
797 2543 880 2608 ob
920 2565 1176 2609 causam
1210 2543 1378 2608 idem
1421 2548 1517 2609 est
1541 2545 2011 2611 aestimandum
2039 2567 2233 2629 quam
2264 2547 2559 2624 maximi,

348 2666 588 2732 scilicet
648 2666 730 2729 ob
793 2665 1074 2730 rationes
1121 2665 1276 2730 artis
1322 2665 1892 2751 palaeographicae
1912 2714 1929 2745 ,
1980 2669 2203 2751 utpote
2253 2666 2419 2752 scrip
2428 2670 2563 2731 tum

351 2790 584 2856 notis
653 2787 1167 2853 Tironianis.
1250 2786 1424 2864 Quae
1494 2791 1685 2854 notae
1758 2811 1901 2855 cum
1973 2811 2088 2874 per
2158 2811 2225 2855 se
2296 2790 2564 2855 omnino

351 2911 587 2995 dignae
625 2913 774 2974 sunt
810 2931 971 2993 quae
1011 2912 1513 2994 cognoscantur,
1559 2912 1716 2975 tunc
1756 2931 1907 2975 uero
1947 2911 2018 2974 in
2051 2910 2175 2976 hoc
2200 2910 2563 2997 fragmento

351 3004 672 3117 peculiare
717 3031 1036 3116 quoddam
1083 3031 1327 3096 habent
1371 3053 1497 3116 quo
1544 3053 1610 3096 se
1659 3036 2129 3098 commendent.
2182 3033 2561 3099 Vetustissi-

357 3176 534 3219 mum
612 3154 914 3219 nimirum
985 3158 1052 3217 et
1118 3151 1246 3217 fere
1317 3153 1576 3217 unicum
1650 3152 1755 3217 hic
1825 3153 2133 3219 habemus
2203 3155 2565 3240 exemplum

352 3277 562 3363 operis
621 3274 971 3341 alicuius»
986 3273 1298 3352 classici’',
1363 3280 1437 3339 ut
1499 3275 1706 3341 dicere
1773 3274 1929 3339 mihi
1990 3276 2181 3341 liceat
2200 3323 2216 3355 ,
2282 3278 2563 3342 auctoris

354 3399 456 3464 his
519 3398 690 3463 notis
751 3396 1114 3480 conscripti.
1179 3396 1566 3481 Plerumque
1607 3397 1777 3462 enim
1821 3390 2012 3462 notae
2034 3444 2051 3475 ,
2098 3420 2261 3482 quae
2306 3398 2561 3483 quidem

366 3522 673 3605 cognitae
727 3524 908 3596 sunt,
971 3518 1444 3585 adhibebantur
1493 3519 1574 3583 ad
1614 3519 1875 3584 celerius
1920 3518 2254 3585 scribenda
2299 3542 2375 3585 ea
2419 3542 2582 3604 quae

358 3647 430 3709 in
498 3644 863 3707 uniuersum
924 3642 1082 3706 satis
1143 3645 1301 3705 nota
1352 3644 1540 3706 erant
1583 3644 1648 3706 et
1694 3640 2060 3706 memoriter
2107 3640 2236 3706 fere
2286 3644 2537 3706 retenta
2556 3689 2573 3720 ,

359 3766 561 3831 ueluti
643 3765 714 3829 in
801 3762 1285 3849 psalteriis,
1374 3783 1646 3847 quorum
1732 3783 2035 3827 numerus
2118 3764 2405 3845 superest
2475 3764 2578 3827 sat

357 3908 669 3973 magnae,
739 3924 820 3936 —-
886 3890 959 3951 ut
1029 3884 1530 3972 pulcherrimum
1601 3883 1762 3950 illud
1835 3883 2473 3969 Guelpherbytanum
2539 3905 2578 3948 a

356 4009 732 4075 Lehmanno
819 4008 1060 4073 editum
1106 4006 1160 4094 ⁹)
1231 4044 1315 4057 -
1390 4028 1678 4092 quaeque
1764 4007 1844 4071 ad
1933 4006 2347 4072 exercendam
2417 4006 2574 4071 scri-

438 4217 492 4278 1)
541 4216 668 4265 Nam
702 4216 828 4279 quod
861 4215 913 4264 in
948 4214 1218 4279 fragmento
1253 4212 1486 4262 Vossiano
1520 4212 1694 4263 titulus
1727 4213 1978 4263 inuenitur
2011 4211 2203 4273 nullus,
2238 4212 2438 4263 minime
2470 4212 2583 4263 inde

348 4298 557 4347 efficitur
607 4297 918 4363 archetypum
966 4311 1153 4360 quoque
1203 4296 1305 4345 eius
1352 4294 1513 4344 titulis
1561 4294 1783 4344 caruisse.
1836 4294 2021 4346 Contra
2076 4294 2179 4345 ueri
2231 4300 2302 4345 est
2340 4294 2497 4344 simile
2530 4295 2584 4346 in

349 4379 542 4444 integro
575 4379 734 4429 codice
766 4379 936 4429 titulos
969 4378 1172 4443 singulis
1206 4377 1425 4443 epistulis
1459 4377 1602 4427 fuisse
1637 4378 1870 4442 praefixos
1903 4376 2068 4441 quales
2101 4391 2180 4426 ex.
2199 4392 2274 4441 gr.
2309 4376 2363 4426 in
2382 4378 2438 4425 M
2458 4380 2507 4426 et
2526 4376 2572 4427 V

355 4459 640 4603 maglblgas
703 4542 1125 4592 Tironische
1187 4539 1622 4590 Psalterium
1672 4540 1760 4588 der
1814 4537 2438 4589 Wolssenbiitteler
2491 4540 2593 4588 Bi·

359 4622 390 4673 b
407 4623 426 4672 l
443 4624 507 4673 io
524 4628 547 4673 t
562 4625 596 4674 h
613 4640 639 4675 e
655 4625 704 4675 k.
754 4623 1152 4689 Herausgegeben
1193 4639 1304 4673 vom
1352 4623 1544 4688 Konigl.
1587 4621 2051 4687 Stenographischcn
2103 4621 2308 4678 Institut
2355 4637 2415 4671 zu
2452 4623 2593 4671 Dres-
