3488 5564
1860 516 1946 580 26

798 667 979 765 ειιιεειιῡιι
1016 719 1150 763 non
1212 719 1344 763 esse
1411 697 1575 782 sigla
1619 697 1955 763 arbitrarie
2000 696 2152 761 ficta
2196 699 2262 762 et
2306 697 2613 761 memoria
2654 699 2913 763 tantum
2959 720 3000 763 a

799 820 1068 885 notariis
1114 822 1365 885 retenta
1381 869 1399 904 ,
1448 819 1555 885 sed
1603 823 1893 884 constare
1937 840 2041 884 eas
2080 839 2157 883 ex
2196 817 2529 884 elementis
2565 818 2765 904 ipsius
2803 820 2999 905 scrip-

796 945 977 1006 turae
1024 939 1290 1006 Latinae
1337 939 1720 1005 maiusculae
1767 941 1902 1026 (seu
1949 939 2164 1024 potius
2210 939 2495 1005 cursiuae
2539 961 2706 1024 quae
2725 962 2877 1025 pars
2901 945 2999 1007 est

795 1063 1094 1129 habenda
1140 1061 1548 1143 maiusculae)
1568 1109 1583 1137 ,
1632 1082 2022 1145 quamquam
2068 1059 2400 1138 coartatis,
2455 1061 2801 1126 decurtatis
2820 1112 2836 1145 ,
2886 1065 2997 1127 de-

793 1184 1080 1250 formatis
1125 1204 1240 1268 pro
1281 1181 1766 1248 necessitatibus
1804 1176 2116 1247 uocabula
2154 1180 2472 1247 scribendi
2510 1203 2703 1266 quam
2741 1183 2994 1250 celerri-

797 1328 918 1370 me.
987 1305 1157 1370 Illud
1217 1325 1367 1369 uero
1429 1304 1482 1369 si
1547 1307 1761 1368 teneas
1821 1307 1886 1368 et
1931 1301 2275 1387 diligenter
2319 1303 2616 1388 perlectis
2662 1302 2995 1370 Schmitzii

793 1426 988 1491 uariis
1052 1424 1374 1510 opusculis
1431 1425 1513 1489 ad
1574 1423 1838 1488 Tardifii
1871 1424 1919 1510 ¹)
1981 1423 2349 1508 praesertim
2415 1423 2657 1489 indices
2716 1426 2995 1491 admira-

793 1548 987 1613 bilem
1032 1547 1102 1611 in
1150 1546 1410 1611 modum
1455 1544 1774 1630 simplices
1819 1545 2129 1629 docteque
2176 1544 2521 1630 dispositos
2565 1549 2630 1610 te
2670 1546 2958 1612 conferas
2977 1598 2995 1633 ,

794 1690 948 1733 mox
984 1668 1355 1755 plerumque
1395 1667 1828 1750 deprehendes
1868 1687 1944 1730 ex
1984 1665 2216 1750 quibus
2240 1665 2645 1751 potissimum
2668 1667 2999 1734 elementis

795 1811 1079 1876 quaeque
1147 1791 1306 1853 nota
1375 1790 1642 1853 constet.
1712 1786 2067 1852 Elementis
2134 1790 2348 1853 autem
2419 1789 2697 1873 cognitis
2763 1810 2865 1856 res
2924 1791 3001 1857 fit

797 1911 1076 1988 facilior3
1143 1913 1304 2007 tun-c
1367 1910 1539 1974 enim
1598 1910 1666 1973 in
1721 1909 1783 1973 K
1802 1929 1839 1973 o
1859 1932 1901 1993 p
1920 1908 2044 1993 pii
2092 1908 2375 1973 thesauri
2424 1913 2607 1994 parte
2652 1910 2853 1976 altera
2898 1913 3001 1977 uel

796 2034 866 2097 in
915 2032 1137 2098 notis
1183 2031 1765 2097 Bernensibus
1812 2052 1851 2094 a
1896 2029 2244 2096 Schmitzio
2292 2031 2484 2097 editis
2524 2032 2837 2099 uocabula
2873 2034 3004 2099 illis

799 2152 1129 2218 elementis
1186 2153 1465 2218 formata
1525 2152 1829 2237 pleraque
1896 2151 2190 2236 reperies.
2262 2151 2387 2217 Illa
2456 2152 2683 2218 saltem
2752 2155 3002 2220 ratione

797 2274 956 2340 mihi
1000 2275 1136 2359 ipse
1179 2274 1492 2342 consului.
1565 2272 1723 2340 Cum
1774 2274 1945 2338 enim
1986 2274 2167 2338 notis
2212 2273 2579 2340 Tironianis
2623 2275 2813 2341 horas
2852 2277 3002 2343 sub-

798 2399 1042 2464 seciuas
1080 2397 1328 2481 aliquot
1369 2399 1586 2460 darem
1609 2443 1624 2474 ‚
1674 2416 1825 2460 mox
1864 2397 2197 2480 perspecto
2240 2416 2477 2481 magno
2515 2417 2733 2461 earum
2772 2396 2841 2462 in
2866 2401 3003 2464 arte

799 2517 1332 2606 palaeographica
1391 2521 1744 2584 exercenda
1789 2519 2129 2583 commodo
2148 2564 2165 2595 ‚
2212 2517 2335 2583 hoc
2378 2517 2813 2602 fragmentum
2860 2541 3001 2585 meo

797 2641 1010 2707 Marte
1056 2639 1308 2706 tentaui
1354 2639 1564 2724 legere
1583 2686 1598 2717 ‚
1647 2643 1712 2704 et
1757 2638 1837 2703 iis
1882 2659 2043 2722 quos
2090 2639 2223 2704 dixi
2261 2638 2443 2703 libris
2482 2639 2698 2704 sedulo
2724 2640 2999 2705 euolutis

796 2765 1098 2850 pleraque
1168 2762 1414 2829 soluere
1481 2760 1640 2827 mihi
1707 2761 2001 2847 contigit.
2076 2759 2171 2827 De
2240 2760 2461 2846 paucis
2525 2782 2688 2846 quae
2756 2761 3000 2829 incerta

797 2887 956 2951 mihi
1001 2885 1384 2951 uidebantur
1401 2931 1417 2962 ‚
1466 2882 1867 2948 confidenter
1905 2882 2035 2947 adii
2073 2883 2281 2967 ipsum
2347 2881 2518 2948 Guil.
2560 2880 2998 2951 Schmitzium.

796 3008 992 3074 Hunc
1054 3011 1266 3073 autem
1329 3006 1549 3071 statim
1611 3003 2217 3070 beneuolentissime
2261 3004 2663 3091 respondisse
2709 3008 2775 3069 et
2821 3005 3002 3070 auxi-

798 3130 955 3195 lium
1014 3128 1341 3213 egregium
1406 3126 1565 3191 mihi
1624 3126 1847 3191 tulisse
1902 3164 1981 3175 --
2034 3148 2161 3211 qua
2206 3128 2304 3191 est
2347 3126 2660 3211 singulari
2708 3126 3004 3191 humani-

797 3254 931 3316 tate
990 3249 1210 3315 multis
1281 3269 1465 3332 saepe
1510 3246 1785 3331 probata
1834 3284 1915 3296 —-
1966 3248 2075 3313 uix
2123 3268 2282 3333 opus
2328 3251 2424 3313 est
2469 3266 2764 3313 narrare:
2813 3267 3002 3311 narro

795 3376 1013 3437 tamen
1061 3372 1404 3455 propterea
1423 3413 1440 3444 ,
1485 3371 1555 3432 ut
1592 3370 1660 3433 et
1699 3368 1823 3433 hoe
1861 3368 2003 3434 loco
2044 3368 2285 3453 gratias
2331 3390 2503 3433 meas
2542 3367 2819 3434 sinceras
2844 3368 3001 3436 Viro

797 3493 1031 3560 eximio
1076 3492 1358 3557 offeram.

882 3615 1112 3681 Restat
1170 3616 1244 3678 ut
1290 3615 1590 3678 notarum
1638 3612 1927 3677 omnium
1975 3632 2139 3696 quae
2184 3610 2254 3675 in
2303 3610 2552 3675 duobus
2598 3611 2771 3677 hisce
2816 3610 2995 3696 frag-

793 3735 1024 3801 mentis
1085 3733 1541 3816 inueniuntur‚
1608 3731 1887 3797 indicem
1952 3751 2327 3815 componam
2376 3734 2443 3795 et
2487 3731 2776 3815 singulas
2823 3753 2995 3797 com-

791 3880 1011 3945 parem
1038 3878 1183 3923 cum
1205 3856 1429 3920 iisdem
1455 3854 1558 3921 uel
1581 3853 1922 3919 simillimis
1942 3900 1957 3931 ‚
1983 3873 2146 3937 quae
2168 3852 2239 3916 in
2268 3851 2454 3917 editis
2478 3850 2778 3917 notarum
2801 3853 2998 3919 later-

792 3979 987 4057 culis,
1039 3977 1313 4043 maxime
1361 3996 1517 4041 uero
1553 3975 1624 4041 in
1668 3974 1983 4060 Koppii
2026 3972 2255 4038 Lexico
2295 3972 2648 4039 Tironiano
2668 4022 2683 4052 ,
2726 3977 2999 4044 exstant.

793 4100 965 4166 Nam
1026 4098 1144 4163 etsi
1197 4095 1436 4163 Schm
1455 4096 1651 4161 itzii
1699 4095 2024 4161 Notae-um
2070 4096 2479 4161 Bernensiwm
2526 4095 2767 4161 indices
2814 4118 3001 4162 aceu-

793 4220 1061 4285 ratiores
1108 4218 1482 4301 doctiusque
1527 4217 1871 4303 dispositos
1916 4238 2049 4281 esse
2093 4216 2292 4300 probe
2338 4238 2565 4283 noram
2584 4264 2599 4295 ‚
2648 4217 2715 4283 in
2741 4219 3000 4283 uniuer-

874 4439 926 4502 1)
975 4439 1102 4489 Iul.
1154 4437 1424 4497 Tardis,
1482 4434 1720 4487 M6moire
1770 4450 1853 4485 sur
1901 4434 1970 4485 les
2022 4437 2156 4485 notes
2190 4434 2497 4485 tironiennes.
2536 4436 2683 4484 1854.
2720 4432 3007 4499 (M6moires

786 4520 1027 4586 present&
1069 4536 1159 4586 par
1191 4521 1350 4570 divers
1383 4523 1574 4569 savants
1605 4519 1636 4569 a
1668 4516 1847 4567 l’Acad.
1885 4519 1966 4567 des
2001 4518 2151 4569 Inscr.
2188 4520 2237 4567 et
2274 4517 2644 4567 Helles-Lettres
2678 4518 2735 4567 de
2766 4515 3007 4567 l’Institut

785 4602 1018 4669 Imp6rial
1052 4604 1110 4653 de
1145 4603 1338 4653 France.
1374 4604 1432 4651 20
1465 4602 1613 4662 serie,
1649 4604 1768 4653 tom.
1800 4601 1909 4659 111.
1946 4616 2053 4669 pag.
2089 4600 2393 4671 104-1'11).
