3488 5564
1921 577 1999 644 18

857 763 1049 828 bendi
1115 763 1504 829 celeritatem
1573 763 1975 848 potissimum
2035 763 2130 827 ita
2188 763 2427 847 scripta
2488 783 2620 826 esse
2684 764 2937 827 constat
2980 762 3054 846 1).

943 886 1121 952 Idem
1166 887 1298 952 fere
1344 887 1516 951 ualet
1557 886 1628 952 in
1675 884 2295 970 diplomatibus
2341 907 2453 950 seu
2499 884 2737 950 tabulis
2758 884 3052 970 publicis,

849 1007 963 1072 ubi
1026 1012 1236 1074 certae
1290 1006 1602 1073 formulae
1645 1007 1899 1093 saepius
1943 1009 2233 1071 redeunt.
2279 1005 2367 1070 Et
2412 1005 2482 1070 in
2528 1005 2879 1070 scribendis
2925 1004 3054 1069 illis

825 1131 1004 1216 'ipsis
1084 1130 1188 1196 uel
1255 1131 1482 1195 saltem
1552 1131 1622 1195 in
1689 1129 2267 1214 subscriptionibus
2338 1149 2524 1193 usum
2591 1132 2890 1194 notarum
2966 1164 3051 1176 —

850 1251 1310 1337 Merouingicis
1345 1252 1618 1316 maxime
1655 1251 2050 1337 temporibus
2089 1289 2170 1301 —
2213 1252 2435 1337 perdiu
2476 1251 2783 1336 uiguisse,
2824 1252 3053 1315 notum

851 1378 948 1438 est
988 1375 1087 1439 uel
1126 1396 1161 1439 e
1198 1374 1364 1439 libro
1403 1373 1592 1440 Dom.
1633 1372 2092 1460 Carpentierii,
2133 1369 2243 1459 qui
2282 1374 2438 1439 talia
2474 1374 2720 1458 aliquot
2742 1371 3053 1438 Ludouici

851 1495 951 1560 Pii
989 1495 1342 1580 diplomata
1377 1497 1578 1562 edidit
1603 1495 1657 1581 ²)
1694 1497 1928 1581 quibus
1962 1496 2306 1583 speciosius
2343 1495 2600 1580 quidem
2624 1517 2816 1580 quam
2839 1494 3051 1561 uerius

851 1617 1213 1702 inscripsit:
1305 1617 1782 1702 „Alphabetum
1865 1618 2283 1683 Tironianum
2357 1639 2466 1683 seu
2540 1621 2727 1682 notas
2796 1615 3054 1682 Tironis

852 1739 1210 1823 explicandi
1253 1739 1632 1805 methodus”
1680 1739 1902 1818 (Paris.
1924 1788 1941 1819 ,
1993 1741 2215 1825 1747).
2266 1739 2366 1804 Ex
2410 1739 2645 1824 quibus
2674 1739 2723 1824 ³)
2761 1739 2855 1803 ita
2894 1738 3053 1803 scri-

851 1861 1076 1926 bendis
1143 1883 1379 1928 nomen
1448 1862 1682 1928 habere
1751 1863 2054 1929 Notarios
2124 1884 2257 1928 non
2328 1866 2424 1927 est
2493 1862 2662 1947 quod
2734 1882 3051 1927 moneam.

848 1981 912 2048 N
913 1983 1102 2048 otarii
1162 1986 1374 2048 autem
1437 1986 1510 2048 ut
1573 1984 1910 2050 memoriae
1970 1985 2042 2049 in
2104 1983 2360 2069 ingenti
2422 1985 2721 2048 notarum
2784 2003 3051 2049 numero

849 2084 1289 2169 succurrerent
1310 2151 1325 2182 ,
1371 2107 1451 2168 ad
1499 2126 1728 2171 manus
1775 2103 2102 2170 habebant
2145 2105 2387 2170 indices
2432 2126 2543 2169 seu
2589 2104 3048 2190 promptuaria.

852 2222 940 2288 Et
1007 2224 1193 2289 ualde
1251 2198 1669 2309 probabiliter
1729 2227 1929 2292 statui
1990 2226 2154 2291 solet
2214 2225 2521 2291 Lexica
2586 2225 3057 2291 Tironiana

848 2345 1038 2410 hodie
1083 2349 1334 2412 seruata
1379 2367 1458 2412 ex
1491 2346 1751 2412 illorum
1801 2347 2071 2412 officinis
2117 2368 2251 2412 esse
2291 2347 2597 2411 oriunda:
2646 2347 2713 2410 id
2758 2346 2927 2431 quod
2974 2345 3055 2411 de

848 2489 975 2532 uno
1054 2467 1281 2533 saltem
1366 2470 1655 2547 constat,
1738 2488 1971 2554 nempe
2043 2469 2121 2534 de
2190 2467 2419 2533 Lexico
2493 2468 2808 2534 Vossiano
2880 2467 3048 2554 (cod.

846 2590 1138 2656 Leidens.
1190 2590 1376 2656 Voss.
1400 2589 1540 2656 Lat.
1567 2589 1642 2654 Ο.
1670 2590 1787 2676 94)
1808 2591 1881 2656 in
1903 2612 2030 2676 quo
2054 2612 2288 2655 nomen
2314 2591 2645 2655 inuenitur
2668 2588 2732 2653 Η
2750 2612 2785 2654 e
2801 2590 2869 2655 ri
2885 2613 2928 2654 u
2945 2588 3012 2653 ei
3034 2637 3050 2669 ,

845 2710 1252 2777 Remensium
1315 2733 1418 2778 an.
1483 2711 1838 2777 900-922
1899 2711 2399 2798 Arcbiepiscopi.
2461 2710 2576 2776 Ille
2625 2711 2794 2775 enim
2842 2710 3053 2796 primo

835 2836 1071 2898 notarii
1117 2833 1266 2899 dein
1313 2834 1675 2899 cancellarii
1712 2834 1955 2918 publici
1998 2855 2260 2899 munere
2298 2834 2561 2898 functus
2601 2854 2708 2899 eos
2746 2837 3049 2898 notarum

834 2956 1077 3021 indices
1139 2956 1242 3022 uel
1303 2957 1386 3021 ab
1444 2957 1584 3042 ipso
1649 2957 1753 3021 uel
1818 2995 1897 3005 —
1963 2957 2133 3040 quod
2183 2956 2316 3022 ueri
2366 2960 2461 3021 est
2508 2956 2776 3021 similius
2830 2994 2909 3004 —
2953 2954 3039 3020 ab

842 3076 968 3141 alio
1018 3081 1295 3163 quodam
1341 3078 1669 3143 confectos
1718 3079 2057 3163 usurpauit
2081 3079 2155 3164 ⁴).

927 3196 1425 3263 Adhibebantur
1461 3220 1653 3283 porro
1695 3202 1890 3264 notae
1931 3200 2295 3284 saepissime
2323 3201 2392 3263 in
2418 3203 2705 3265 ueterum
2734 3200 3052 3266 librorum

841 3320 1238 3405 marginibus
1275 3319 1355 3383 ad
1396 3318 1682 3385 celeriter
1720 3320 2034 3405 quaedam
2072 3321 2446 3387 adnotanda
2485 3345 2648 3407 quae
2686 3327 2800 3387 aut
2838 3323 3051 3407 ipsum

843 3441 1181 3507 uerborum
1226 3444 1603 3505 contextum
1649 3441 1837 3525 plene
1883 3442 2270 3526 descriptum
2318 3432 2725 3510 illustrarent
2744 3492 2759 3523 ‚
2810 3446 2925 3509 aut
2968 3446 3049 3508 de

833 3682 940 3729 den.
973 3706 1042 3719 —-
1080 3679 1178 3730 Mit
1211 3678 1345 3728 einer
1375 3676 1656 3741 Einleitung
1688 3677 1786 3726 und
1823 3666 2159 3743 Ubertragung
2192 3678 2273 3727 des
2308 3678 2621 3730 Tironischen
2660 3680 2829 3730 Textcs
2845 3696 2938 3731 von
2958 3682 3049 3730 Dr.

835 3762 994 3812 Oskar
1027 3762 1290 3811 Lehmann.
1325 3760 1453 3825 Lips.
1492 3759 1637 3808 1885.

925 3845 972 3905 1)
1020 3844 1096 3895 Cf.
1141 3859 1212 3892 ex.
1260 3858 1330 3907 gr.
1380 3841 1436 3891 P.
1486 3840 1916 3901 Mitzschke,
1962 3843 2274 3907 Quaestiones
2321 3844 2636 3905 Tironiana,
2684 3844 2847 3896 Berol.
2899 3845 3057 3906 1875,

835 3941 939 3991 pag.
983 3926 1059 3974 11.

918 4008 970 4070 2)
1005 4005 1299 4073 Quibuscum
1329 4021 1457 4056 nunc
1487 4007 1835 4071 comparandus
1866 4009 1939 4056 est
1982 4008 2027 4055 G
2045 4007 2162 4058 nil.
2208 4008 2335 4058 Sch
2353 4009 2436 4058 mi
2454 4010 2589 4059 tzii
2624 4010 3053 4061 Monumentomm
3131 4017 3137 4023 “

833 4089 1143 4161 tachygraph.
1177 4088 1280 4137 cod.
1315 4088 1468 4137 Paris.
1502 4088 1607 4137 Lat.
1644 4086 1776 4138 2718
1810 4088 2060 4138 fasciculus
2093 4090 2253 4155 prior,
2290 4090 2635 4152 Hannonemc,
2671 4092 2819 4143 1882.

919 4174 972 4235 3)
1022 4171 1094 4221 Cf.
1147 4170 1252 4219 Th.
1304 4168 1542 4219 Sickel
1591 4170 1642 4218 in
1701 4170 2161 4231 ‚Sitzungsberichtc
2207 4172 2292 4222 der
2324 4172 2577 4238 phil.·hist.
2614 4174 2776 4225 Classe
2811 4177 2898 4227 der
2930 4175 3050 4225 kain.

837 4254 988 4304 Akad.
1036 4254 1082 4305 d.
1127 4252 1270 4301 wius.
1318 4249 1509 4310 Wien”,
1545 4252 1846 4313 XXXVIII,
1884 4254 2039 4313 1861,
2078 4269 2186 4319 pag.
2221 4253 2286 4303 20
2323 4270 2423 4319 sqq.
2462 4282 2525 4294 -
2560 4258 3057 4323 Merouingica

838 4354 959 4402 quae
1006 4339 1262 4402 supersunt
1312 4334 1574 4400 diplomata
1619 4339 1899 4385 enumerata
1931 4335 2041 4385 uide
2075 4336 2133 4385 ab
2166 4336 2231 4387 H.
2280 4335 2603 4388 d’Arbois
2647 4340 2722 4388 de
2766 4324 2801 4388 J
2822 4338 3052 4390 ubain-

836 4420 903 4469 vi
924 4419 1018 4469 110
1050 4420 1103 4469 in
1140 4415 1506 4480 ‚Bibliotheque
1538 4416 1596 4465 ‹10
1629 4414 1663 4465 ι·
1683 4404 1825 4466 Εωιο
1857 4418 1939 4467 «102
1973 4416 2222 4478 cuum:
2257 4418 2398 4477 xm,
2436 4418 2593 4479 1880,
2626 4437 2733 4486 pag.
2769 4423 2832 4470 85
2866 4438 2937 4486 aq.
2967 4420 3046 4472 cf.

838 4502 992 4566 (lul.
1045 4502 1295 4563 Havet)
1329 4498 1474 4559 ibid.,
1508 4498 1689 4559 XLVI,
1731 4502 1887 4559 188⁵.
1923 4516 2028 4565 Pag-
2067 4500 2180 4553 720.

922 4587 980 4649 4)
1025 4584 1097 4633 cf.
1145 4582 1326 4632 Guil.
1372 4581 1679 4632 Schmitz
1714 4582 1766 4631 in
1802 4584 1949 4632 Mus
2000 4582 2201 4633 Rhen.
2240 4582 2464 4644 XXIX,
2501 4584 2659 4645 1874,
2695 4602 2800 4652 pag.
2838 4588 2937 4637 350
2970 4602 3048 4651 sq.

842 4668 922 4733 (=
950 4649 1172 4730 sastago
1205 4680 1291 4714 zur
1325 4663 1486 4714 latam
1522 4664 1723 4729 spx-aoh—
1758 4665 1854 4715 una
1888 4665 2319 4726 lateraturkundo,
2353 4664 2483 4731 Lips.
2518 4666 2666 4729 1877,
2695 4684 2802 4734 pag.
2822 4670 2920 4720 288
2937 4669 3048 4735 aq).
