3488 5564
1999 527 2039 590 6

908 707 1262 790 moneam),
1309 707 1450 791 ipsa
1498 707 1786 772 codicum
1827 729 1867 771 a
1902 706 2111 771 Keilio
2149 708 2220 771 in
2257 729 2441 771 usum
2469 709 2840 772 uocatorum
2868 706 3116 772 indoles

906 828 1059 894 fecit
1102 831 1177 892 ut
1220 829 1475 913 penitus
1522 828 1771 893 absolui
1818 828 1895 892 de
1936 828 2062 893 illis
2097 829 2387 912 quaestio
2429 849 2560 893 non
2600 832 2835 913 posset.
2887 826 3120 893 Variae

906 951 1077 1015 enim
1139 953 1293 1015 sunt
1349 953 1416 1014 et
1477 950 1822 1035 impeditae
1880 949 2169 1014 codicum
2217 950 2655 1036 condiciones,
2711 949 3015 1034 ambigua
3056 953 3122 1014 et

908 1071 1153 1135 lubrica
1192 1071 1692 1155 discrepantium
1733 1071 2195 1155 scripturarum
2221 1070 2609 1135 existimatio
2641 1069 2688 1155 ¹)
2720 1070 2887 1136 hanc
2913 1072 3118 1134 maxi-

915 1213 1015 1256 me
1049 1191 1131 1256 ob
1153 1213 1410 1256 causam
1435 1169 1607 1276 quod
1631 1192 1875 1256 codices
1899 1191 1997 1255 illi
2020 1191 2281 1254 minime
2306 1193 2388 1255 ad
2412 1213 2609 1255 unum
2636 1217 2666 1252 >
2681 1190 3118 1277 archetypon”

912 1313 1001 1377 sic
1072 1313 1378 1395 redeunt,
1427 1315 1501 1377 ut
1545 1313 1946 1397 praeclarum
1990 1310 2397 1377 Lachmanni
2443 1313 2515 1376 in
2562 1311 2857 1377 Lucretio
2906 1334 3117 1378 exem-

919 1433 1099 1519 plum
1168 1433 1398 1499 secutis
1469 1433 1654 1498 nobis
1721 1433 1883 1497 illud
1946 1433 2127 1516 quasi
2188 1433 2405 1496 animo
2467 1433 2712 1517 fingere
2771 1432 2961 1498 liceat
2979 1481 2995 1511 ‚
3058 1437 3122 1498 et

916 1554 1152 1638 ubique
1197 1553 1353 1638 quid
1395 1553 1466 1618 in
1513 1553 1626 1617 illo
1675 1553 2113 1618 contineretur
2158 1553 2468 1638 indagare
2488 1600 2505 1631 ,
2554 1554 2663 1618 sed
2711 1552 3121 1618 uehementer

919 1676 1090 1740 inter
1135 1696 1201 1739 se
1245 1676 1610 1759 discrepant
1653 1673 1997 1758 multisque
2042 1677 2110 1738 et
2154 1675 2348 1738 uariis
2394 1675 2597 1738 modis
2642 1677 2798 1739 sunt
2838 1675 3124 1759 corrupti

920 1799 987 1860 et
1045 1795 1447 1880 interpolati;
1514 1816 1631 1860 nec
1691 1795 1878 1879 pauci
1923 1794 2346 1859 inueniuntur
2389 1795 2513 1859 loci
2558 1794 2667 1859 ubi
2714 1794 2960 1860 codices
3004 1816 3124 1858 nos

921 1916 1308 2000 relinquunt.
1353 1915 1629 1980 incertos
1649 1962 1665 1992 ‚
1729 1915 1927 1977 immo
1986 1914 2179 1998 plane
2224 1915 2601 1980 destituunt.
2668 1914 2788 1980 Oui
2836 1915 3004 1979 malo
3052 1919 3125 1979 ut

925 2036 1280 2101 mederetur
1339 2035 1674 2102 Keilius
1721 2036 1967 2121 primus
2013 2035 2082 2099 in
2129 2036 2453 2101 codicibus
2499 2037 2669 2100 recte
2716 2036 3124 2100 aestimandis

924 2178 1183 2242 operam
1241 2157 1457 2241 posuit
1518 2157 1921 2241 praecipuam
1945 2204 1960 2235 ,
2024 2158 2090 2221 et
2150 2158 2395 2222 cunctis
2453 2157 2796 2242 diligenter
2841 2157 3014 2222 inter
3059 2179 3125 2221 se

919 2279 1302 2365 comparatis
1373 2282 1453 2344 ad
1523 2301 1740 2343 ueram
1811 2278 2149 2343 lectionem
2219 2279 2656 2363 reperiendam
2729 2279 2963 2362 ubique
3030 2281 3128 2342 est

919 2423 1089 2469 usus.
1137 2400 1242 2467 Sic
1288 2403 1461 2465 certa
1505 2400 1754 2465 ratione
1792 2420 1937 2464 cum
1977 2401 2372 2464 examinaret
2408 2399 2564 2484 quid
2602 2398 2870 2484 quisque
2910 2419 3128 2464 eorum

919 2521 1186 2588 haberet
1244 2523 1574 2607 proprium
1637 2526 1703 2586 et
1750 2522 1992 2587 bonum
2012 2569 2027 2600 ,
2078 2544 2229 2586 mox
2276 2521 2439 2586 uidit
2485 2542 2590 2586 eos
2638 2521 2709 2586 in
2756 2523 2881 2586 tria
2923 2521 3121 2607 potis-

918 2645 1149 2708 simum
1221 2665 1354 2708 esse
1422 2644 1911 2728 distinguendos
1973 2663 2210 2728 genera
2272 2645 2337 2708 et
2398 2643 2648 2708 diuerso
2711 2643 3127 2728 epistularum

921 2785 1185 2830 numero
1258 2767 1322 2830 et
1386 2763 1586 2849 ipsius
1655 2765 2004 2850 scripturae
2075 2764 2503 2849 discrepantia
2570 2765 2741 2832 inter
2810 2787 2875 2830 se
2936 2787 3130 2850 quam

921 2887 1194 2951 maxime
1260 2886 1610 2951 dissimilia.
1697 2885 1880 2963 Quod
1949 2889 2023 2950 ut
2090 2887 2373 2952 breuiter
2440 2885 2509 2951 in
2581 2887 2952 2951 memoriam
3024 2888 3127 2952 hic

920 3027 1247 3073 reuocem:
1319 3008 1677 3073 Primum
1748 3014 1843 3074 est
1910 3028 2115 3093 genus
2177 3012 2351 3094 quod
2413 3030 2648 3074 nouem
2712 3010 3130 3095 epistularum

924 3129 1120 3194 libros
1180 3127 1661 3214 complectitur,
1726 3130 2178 3194 secundum
2217 3127 2272 3213 ⁹)
2324 3132 2579 3195 centum
2630 3132 2885 3195 tantum
2931 3108 3131 3197 babet

923 3249 1260 3335 epistulas,
1299 3248 1413 3313 lib.
1454 3250 1519 3334 Ι,
1566 3252 1598 3313 1
1647 3271 1844 3335 usque
1881 3253 1962 3313 ad
2000 3248 2084 3328 V,
2125 3252 2165 3315 6
2190 3248 2336 3335 (Ep.
2366 3251 2450 3315 26
2475 3249 2589 3317 lib.
2632 3250 2729 3317 IV
2751 3251 2885 3317 illic
2907 3255 3127 3333 deest),

919 3372 1273 3437 tertium
1334 3373 1562 3435 octauo
1625 3371 1791 3437 libro
1840 3372 2071 3435 omisso
2119 3375 2262 3438 octo
2308 3372 2503 3437 libros
2555 3374 2862 3439 continet.
2913 3373 3128 3440 Genus

918 3496 1136 3558 autem
1173 3492 1553 3577 primum,
1598 3492 1779 3557 cuius
1815 3497 2157 3577 supersunt
2195 3494 2381 3559 nobis
2418 3497 2665 3562 codices
2704 3497 3022 3561 Medice
3045 3520 3128 3561 us

921 3614 1078 3700 (M),
1115 3612 1399 3691 XLVII,
1427 3614 1512 3678 36
1536 3635 1698 3679 saec.
1726 3612 1809 3693 X,
1834 3617 1901 3678 et
1921 3614 1990 3678 in
2013 3614 2196 3680 libris
2220 3618 2521 3700 quattuor
2542 3617 2861 3701 prioribus
2895 3615 2958 3682 V
2976 3618 3126 3681 ati-

920 3756 1179 3801 canus
1226 3733 1364 3820 (V),
1416 3736 1593 3800 3864
1631 3756 1793 3801 saec.
1833 3734 2082 3799 IX—X
2110 3734 2189 3819 ³),
2232 3737 2425 3822 longe
2466 3743 2561 3804 est
2597 3739 2913 3822 optimum
2954 3742 3019 3803 et
3058 3739 3128 3802 in

917 3856 1288 3921 uniuersum
1334 3855 1558 3939 procul
1607 3855 1803 3920 dubio
1851 3856 2355 3941 integerrimum.
2406 3840 2543 3924 Nec
2590 3863 2808 3924 tamen
2856 3860 2939 3924 ob
2990 3881 3127 3923 ma-

1019 4100 1074 4163 1)
1111 4097 1261 4147 Keilii
1293 4096 1445 4163 praef.
1479 4112 1585 4162 pag.
1622 4096 1799 4145 XXXI.

1015 4181 1073 4246 2)
1115 4179 1611 4231 Animaduertendum
1653 4178 1742 4227 hoc
1786 4178 1891 4227 loeo
1936 4180 2007 4227 est
2055 4177 2267 4228 Keilinm
2302 4179 2355 4227 in
2388 4178 2611 4228 editionis
2645 4178 2999 4229 Teubnerianae
3034 4180 3137 4230 mi-

917 4279 991 4313 no
1005 4262 1092 4312 ris
1137 4260 1432 4328 praefatione
1476 4274 1642 4309 eorum
1687 4275 1915 4323 generum
1961 4273 2185 4309 numeros
2227 4260 2369 4309 aliter
2404 4260 2711 4325 disposuisse,
2749 4261 2819 4309 its
2852 4261 3046 4325 quidem
3082 4264 3139 4315 ut

915 4344 1091 4395 tertius
1124 4347 1246 4393 esset
1279 4342 1362 4406 qui
1397 4356 1522 4391 nunc
1555 4344 1628 4391 est
1661 4342 1920 4399 secundus,
1957 4343 2188 4392 secundus
2222 4358 2337 4392 nero
2369 4342 2454 4406 qui
2486 4356 2612 4392 nunc
2644 4342 2835 4393 tertius.

1016 4428 1067 4487 8)
1119 4424 1305 4491 Quibus
1347 4424 1526 4474 accedit
1556 4424 1881 4488 fragmentum
1914 4429 2281 4473 Monacense
2315 4424 2367 4473 in
2400 4424 2502 4476 cod.
2544 4425 2731 4481 14641,
2764 4440 2881 4475 saec.
2920 4427 3017 4485 lx,
3054 4428 3141 4491 qui

917 4508 1047 4557 inter
1098 4506 1320 4572 Gregorii
1371 4506 1444 4565 P„
1473 4505 1702 4571 epistulas
1747 4508 1795 4555 et
1840 4506 1887 4553 S.
1938 4505 2177 4555 Ambrosii
2222 4506 2277 4554 de
2311 4506 2476 4555 officiis
2510 4505 2657 4556 libros
2694 4507 2894 4557 Plinii
2927 4508 3145 4559 continet

921 4590 1151 4656 epistulas
1186 4590 1328 4639 duas:
1366 4589 1420 4644 1,
1457 4589 1486 4637 6
1521 4590 1568 4637 et
1604 4588 1706 4643 VI,
1743 4589 1821 4636 10.
