3488 5564
1948 475 2029 538 12

880 659 1049 742 gatis
1065 657 1380 724 Plinianis
1396 678 1648 742 quoque
1663 657 1953 742 epistulis
1975 656 2375 722 recensendis
2402 675 2570 722 noua
2592 655 2707 720 lux
2730 655 3075 740 adfulgeat.

883 779 1065 856 Quod
1111 802 1256 846 cum
1303 779 1690 846 felicioribus
1733 780 1863 844 iam
1912 799 2085 844 nunc
2130 778 2420 862 relinquo
2438 825 2455 855 ‚
2502 798 2709 862 pauca
2752 798 2917 861 quae
2948 778 3083 862 ipse

881 901 1102 967 inueni
1161 901 1346 966 edere
1407 901 1530 966 hoc
1587 901 1726 966 loco
1776 901 2046 966 decreui.
2110 899 2507 985 Quamquam
2554 900 2726 964 enim
2776 922 2909 965 non
2959 901 3079 964 nisi

881 1044 1151 1108 paruum
1215 1022 1558 1088 admodum
1621 1021 2055 1106 fragmentum
2102 1021 2305 1086 habeo
2352 1021 2743 1087 offerendum
2791 1058 2878 1070 --
2927 1022 3082 1087 duas

885 1165 918 1208 e
983 1163 1220 1228 magno
1283 1165 1544 1209 numero
1605 1143 1911 1229 epistulas
1960 1181 2040 1192 —
2092 1164 2226 1208 non
2288 1145 2503 1208 tamen
2563 1143 2971 1208 retinendum
3016 1143 3080 1207 id

883 1287 1016 1332 esse
1052 1266 1298 1348 censui,
1341 1287 1484 1331 cum
1524 1265 1675 1350 quia
1711 1265 2145 1350 fragmentum
2183 1265 2342 1330 illud
2384 1263 2675 1330 bonitate
2706 1286 2843 1330 non
2868 1266 3081 1330 minus

882 1409 1074 1472 quam
1120 1390 1440 1453 uetustate
1486 1390 1568 1453 ad
1616 1386 1844 1471 optimi
1890 1387 2143 1471 generis
2188 1386 2257 1450 M
2306 1390 2371 1452 et
2408 1386 2469 1451 V
2506 1387 2753 1452 codices
2791 1387 3081 1472 proxime

879 1509 1236 1587 accederet,
1299 1515 1438 1573 tum
1485 1529 1635 1574 uero
1680 1509 1831 1593 quia
1878 1509 1960 1572 ob
2006 1508 2287 1574 rationes
2330 1507 2895 1594 palaeographicae
2942 1529 3081 1572 mo-

884 1629 1084 1694 menti
1142 1631 1304 1694 esset
1364 1628 1535 1694 haud
1583 1651 1738 1694 sane
1784 1629 2163 1715 spernendi,
2214 1630 2520 1715 scriptum
2568 1629 2808 1694 scilicet
2854 1652 2897 1693 n
2913 1650 2952 1694 o
2969 1628 3035 1693 ti
3052 1650 3083 1693 s

881 1751 935 1814 T
951 1751 972 1814 i
988 1772 1021 1814 r
1037 1770 1074 1815 o
1093 1751 1229 1816 nia
1248 1752 1396 1817 nis.
1977 1829 1981 1836 α
2302 1725 2306 1728 ⁴

971 1872 1200 1937 Inueni
1247 1893 1450 1957 nuper
1488 1872 1554 1936 id
1596 1873 2032 1958 fragmentum
2078 1873 2148 1937 in
2190 1873 2403 1938 codice
2441 1871 2835 1937 Leidensi
2884 1871 3080 1936 Vos-

879 1994 1117 2058 siano
1185 1992 1354 2058 Lat.
1426 1991 1500 2069 Q.
1567 1994 1686 2071 98,
1753 1993 1863 2078 qui
1924 2016 1957 2058 c
2021 1994 2267 2058 duabus
2327 1998 2629 2058 constans
2694 1993 2984 2078 partibus
3046 2014 3085 2056 a

877 2107 1127 2179 duobus
1185 2113 1460 2178 librariis
1519 2135 1680 2179 saec.
1739 2114 1843 2180 IX
1890 2114 2221 2200 descriptis
2268 2117 2334 2178 et
2379 2114 2509 2178 iam
2557 2117 2716 2178 tunc
2761 2114 2832 2177 in
2880 2135 3085 2178 unum

884 2255 1112 2319 corpus
1141 2234 1440 2320 redactis,
1485 2235 1779 2300 continet
1798 2235 1868 2298 in
1892 2239 2075 2320 parte
2097 2236 2307 2320 priore
2330 2235 2468 2320 (fol.
2500 2235 2799 2320 11—73v)
2824 2233 2887 2302 S.
2934 2233 3083 2300 Au-

881 2376 928 2440 g
943 2379 986 2421 u
1001 2356 1108 2420 sti
1125 2356 1205 2420 ni
1270 2359 1346 2420 de
1408 2356 1724 2441 baptismo
1786 2357 2196 2440 paruulorum
2258 2359 2461 2440 deque
2523 2357 2840 2442 patientia
2884 2357 3083 2421 libros

879 2482 944 2542 et
989 2477 1802 2544 Pseudo-Ambrosii
1851 2477 2216 2564 (Maximi
2254 2479 2665 2543 Taurinensis
2702 2477 3078 2564 Episcopii’)

879 2621 989 2664 sex
1022 2599 1219 2666 libros
1259 2601 1338 2665 de
1372 2600 1783 2665 sacramentis
1810 2599 1896 2684 1),
1937 2601 2007 2664 in
2046 2604 2226 2686 parte
2250 2604 2464 2665 autem
2490 2601 2689 2664 altera
2714 2599 2851 2685 (fol.
2881 2600 3077 2664 74¹—

885 2719 1071 2808 157v)
1134 2720 1196 2789 S.
1247 2721 1709 2807 Augustini
1757 2721 1834 2787 de
1880 2721 2269 2808 perfectione
2315 2721 2595 2788 iustitiae
2641 2720 2952 2800 hominis,
3000 2720 3079 2785 de

879 2846 1111 2907 natura
1173 2846 1238 2908 et
1296 2844 1506 2928 gratia
1525 2891 1540 2921 ,
1604 2844 1683 2908 de
1741 2843 1943 2909 libero
2008 2843 2271 2909 arbitrio
2328 2843 2525 2909 libros
2540 2895 2556 2928 ,
2608 2846 2675 2907 et
2717 2842 2955 2907 librum
3003 2842 3082 2906 dc

877 2962 1275 3046 correptione
1322 2965 1389 3025 et
1433 2964 1643 3048 gratia
1688 2968 1943 3028 tantum
1991 2985 2124 3028 non
2172 2985 2464 3029 omnem:
2513 2964 2751 3029 desinit
2797 2963 2968 3027 enim
3008 2961 3079 3025 in

797 3148 800 3151 ,
881 3083 1125 3148 uerbis:
1167 3096 1277 3148 aut
1318 3087 1456 3169 quis
1490 3084 1866 3168 qloriabitur
1904 3088 2206 3149 mundum
2246 3106 2307 3149 se
2341 3107 2463 3150 esse
2486 3108 2526 3149 a
2542 3096 2789 3171 peccato
2814 3102 2903 3141 =
2927 3082 3083 3168 Cap.

882 3206 1006 3282 41,
1072 3205 1137 3269 in
1188 3205 1339 3269 edit.
1390 3204 1715 3271 Benedict.
1766 3208 1920 3271 tom.
1971 3205 2065 3283 X,
2116 3207 2229 3271 col.
2285 3204 2414 3269 510
2464 3203 2533 3269 F.
2586 3204 2861 3288 Reliqua
2908 3224 3085 3269 nunc

881 3329 1039 3393 sunt
1096 3327 1348 3391 amissa.
1401 3363 1480 3375 —-
1530 3324 1652 3402 Qui
1716 3329 1915 3391 codex
1970 3330 2141 3391 unde
2185 3329 2256 3391 in
2305 3349 2530 3392 manus
2571 3326 2935 3411 peruenerit
2979 3324 3078 3389 Is.

879 3448 1163 3514 Vossii
1233 3450 1361 3513 iam
1412 3470 1544 3513 non
1589 3470 1777 3534 posse
1822 3450 1957 3513 erui
2002 3450 2189 3514 ualde
2234 3454 2330 3515 est
2374 3450 2752 3515 dolendum:
2803 3449 3078 3534 inscrip-

879 3574 1014 3634 tum
1062 3570 1215 3634 olim
1263 3569 1376 3637 fol.
1432 3572 1491 3634 1¹
1537 3569 1779 3655 aliquid
1825 3568 1945 3634 fuit
1990 3574 2161 3655 quod
2207 3593 2281 3635 ea
2327 3574 2405 3635 de
2452 3592 2519 3635 re
2566 3571 2833 3635 fortasse
2879 3591 3074 3655 quae-

880 3695 1026 3758 dam
1086 3694 1423 3777 monebat,
1484 3694 1593 3759 sed
1655 3693 1945 3759 consulto
2008 3695 2077 3757 id
2137 3715 2385 3759 erasum
2451 3714 2531 3757 ne
2592 3692 2887 3758 chemicis
2932 3692 3077 3777 qui-

881 3815 1024 3879 dem
1072 3796 1551 3879 medicamentis
1597 3814 1785 3879 hodie
1825 3814 2109 3880 reuocari
2148 3835 2331 3899 posse
2373 3814 2642 3879 uidetur.
2694 3812 2837 3877 Hoc
2860 3816 3074 3877 tamen

878 3936 1018 4019 ipsa
1085 3935 1401 4020 scriptura
1468 3936 1647 4020 quasi
1717 3936 2066 4000 certissime
2137 3935 2322 3999 docet
2393 3935 2671 4000 codicem
2736 3936 2801 3999 e‘
2833 3933 3080 4000 Galliae

880 4058 1158 4140 quodam
1220 4057 1642 4139 monasteri0‚
1710 4056 2034 4141 praeclara
2094 4057 2256 4121 bene
2316 4056 2703 4142 pulchreque
2764 4054 3082 4120 scribendi

883 4164 1132 4260 schola,
1184 4199 1318 4242 esse
1363 4177 1724 4242 oriundum.

964 4298 1142 4362 Inter
1177 4297 1323 4363 illas
1361 4301 1572 4363 autem
1614 4302 1771 4363 duas
1807 4303 2019 4384 partes
2056 4300 2319 4365 inferior
2358 4298 2497 4364 folii
2540 4300 2651 4364 73*
2692 4302 2759 4363 et
2794 4298 3083 4383 superior

975 4552 1026 4613 l)
1061 4548 1246 4614 Quibus
1279 4553 1348 4599 est
1383 4550 1689 4614 inscriptum:
1723 4551 1906 4613 Incipit
1940 4553 1998 4600 de
2028 4552 2340 4601 sacramentis
2353 4550 2512 4613 sancti
2526 4551 2745 4601 ambrosii
2761 4550 2879 4600 liber
2888 4550 3085 4614 primus.
