3488 5564
2013 523 2095 589 16

1057 705 1186 758 Keil.
1213 724 1324 771 paq.
1361 709 1418 764 3,
1456 707 1541 754 lin.
1986 704 2109 754 Vos-c⁴
2524 706 2692 754 M—V
2727 721 2832 754 cum
2868 708 3073 772 reliquis

1031 795 1038 801 ·
1192 776 1267 823 11.
1303 775 1431 823 enim
1943 771 2131 820 omittit
2416 716 2424 856 Ι
2726 773 2856 822 enim

1188 841 1346 890 iacent
1940 840 2147 888 iacerent
2711 841 2869 888 iacent

949 925 1061 972 paq.
1077 908 1126 966 4,
1147 907 1231 956 lin.
1251 905 1472 956 8.Marci
1487 905 1638 954 nostri
1958 905 2146 954 omittit
2444 903 2735 973 marcino[s]
2792 907 2949 965 M,V,
3006 908 3157 957 marci

2590 969 2794 1040 [nostri]
2831 974 3009 1038 reliq-i

1187 1039 1248 1091 17
1281 1039 1434 1088 libeni
1659 1019 1668 1164 Ι
1970 1038 2109 1088 uberi
2708 1038 2862 1089 mmm

1188 1108 1249 1155 18
1289 1107 1386 1155 iam
1947 1106 2133 1154 omittit
2746 1106 2843 1155 iam

1037 1311 1262 1396 Neque
1321 1310 1447 1375 alio
1498 1313 1686 1375 modo
1739 1310 2190 1395 explicandum
2238 1331 2371 1375 esse
2418 1311 2670 1378 uidetur
2731 1314 2906 1395 quod
2955 1311 3155 1377 semel

943 1435 1170 1498 contra
1234 1430 1455 1496 M—V
1517 1431 1841 1495 consentit
1912 1431 2079 1497 Voss.
2130 1453 2275 1495 cum
2323 1431 2584 1496 secundi
2629 1432 2883 1516 generis
2932 1433 3157 1498 codice

947 1553 1356 1629 Florentino,
1400 1571 1548 1636 pag.
1601 1555 1675 1629 4,
1725 1551 1836 1615 lin.
1897 1552 1975 1615 10
2023 1552 2092 1615 in
2142 1552 2481 1617 uerborum
2530 1553 2791 1618 ordine:
2842 1575 2976 1618 esse
3023 1576 3162 1619 non

946 1675 1160 1739 tristes
1207 1673 1315 1755 M,
1370 1672 1449 1750 V,
1497 1694 1632 1738 non
1681 1673 1895 1738 tristes
1936 1694 2071 1737 esse
2122 1671 2170 1736 F
2193 1720 2209 1750 ‚
2278 1673 2450 1739 Voss.

1035 1794 1304 1860 Accedit
1371 1814 1523 1877 ergo
1593 1791 2030 1877 fragmentum
2094 1796 2386 1858 nostrum
2451 1792 2838 1858 Vossianum
2902 1795 3162 1859 duobus

946 1916 1174 2002 optimi
1212 1915 1460 2000 generis
1499 1914 1690 1998 primi
1728 1914 2084 1992 codicibus,
2126 1919 2192 1979 et
2228 1914 2298 1978 in
2337 1915 2583 1979 duabus
2607 1915 2835 1980 saltem
2860 1916 3161 2000 epistulis

945 2037 1265 2123 prioribus
1326 2057 1563 2101 nouum
1623 2036 1757 2100 eius
1818 2036 2066 2120 generis
2126 2035 2565 2101 testimonium
2609 2036 2973 2101 inuenimus
3025 2056 3157 2121 quo

949 2161 1249 2224 docemur
1292 2156 1484 2222 fuisse
1530 2157 1599 2221 in
1648 2155 1857 2222 Gallia
1897 2178 2057 2222 saec.
2101 2155 2347 2220 IX—X
2386 2156 2475 2223 in.
2518 2156 2798 2222 codicem
2840 2157 3155 2242 epistula-

946 2302 1088 2344 rum
1151 2278 1345 2343 Plinii
1408 2278 1799 2364 descriptum
1856 2300 1931 2343 ex
1996 2282 2216 2343 eodem
2274 2278 2618 2363 archetypo
2666 2300 2743 2343 ex
2787 2300 2913 2363 quo
2964 2282 3039 2343 et
3088 2279 3155 2344 M

947 2405 1012 2467 et
1072 2401 1134 2466 V
1195 2400 1442 2466 codices
1505 2400 1806 2464 duxerint
1866 2400 2202 2484 originem.
2267 2398 2492 2484 Neque
2554 2401 2989 2485 spernendum
3064 2403 3163 2465 est

942 2522 1071 2587 tale
1138 2521 1579 2586 testimonium
1647 2523 1727 2584 ad
1797 2521 2307 2605 cognoscendam
2369 2519 2737 2606 peruulgati
2798 2520 2953 2585 olim
3022 2506 3161 2586 eius

941 2643 1148 2728 operis
1193 2641 1557 2727 historiam,
1609 2642 1857 2707 etiamsi
1906 2642 2116 2707 uariae
2161 2663 2322 2726 quae
2368 2641 2670 2706 dicuntur
2715 2641 3030 2706 lectiones
3080 2642 3159 2707 ad

939 2766 1338 2833 emendanda
1401 2761 1594 2827 Plinii
1654 2763 1852 2828 uerba
1911 2763 2103 2848 pretii
2162 2767 2313 2827 sunt
2375 2762 2609 2847 exigui.
2679 2761 2849 2828 Nam
2894 2769 3160 2848 praeter

936 2886 1192 2970 integra
1252 2888 1318 2950 et
1376 2885 1548 2949 bona
1608 2906 1771 2969 quae
1836 2885 2006 2951 Voss.
2070 2886 2358 2951 continet
2404 2884 2830 2949 communiter
2879 2906 3032 2951 cum
3084 2886 3154 2952 M

941 3009 1007 3071 et
1051 3006 1134 3084 V,
1182 3027 1384 3089 pauca
1428 3009 1683 3070 tantum
1731 3006 1927 3069 habet
1974 3004 2318 3090 peculiaria
2338 3053 2353 3083 ,
2396 3005 2785 3090 minorisque
2827 3008 3152 3074 momenti

943 3148 1017 3192 ea
1062 3131 1247 3205 sunt,
1313 3130 1376 3191 et
1437 3126 1555 3190 hac
1615 3126 1753 3190 sola
1812 3147 1880 3190 re
1928 3129 2281 3190 memoratu
2337 3127 2539 3211 digna
2586 3125 2919 3213 uidentur,
2972 3131 3152 3213 quod

933 3250 1264 3335 archetypi
1285 3249 1456 3313 illius
1478 3249 1829 3333 imaginem
1854 3248 2257 3333 aliquantum
2282 3272 2434 3314 sane
2457 3250 2821 3328 illustrant,
2852 3249 2962 3314 ubi
2986 3251 3154 3317 illud

927 3372 1174 3437 lacunis
1211 3371 1593 3455 quibusdam
1637 3370 1810 3434 uarie
1849 3373 2074 3454 postea
2098 3370 2363 3454 expletis
2390 3370 2631 3437 hiabat.
2679 3370 2967 3436 Vlterius
2995 3394 3153 3438 uero

931 3492 1227 3577 progredi
1273 3512 1407 3556 non
1447 3490 1583 3555 sine
1627 3512 1875 3555 summa
1915 3492 2317 3556 dubitatione
2358 3492 2579 3556 ausim.
2632 3489 2895 3555 Etenim
2936 3513 3026 3557 an
3050 3494 3157 3559 in-

929 3614 1213 3679 tercedat
1248 3611 1381 3679 ulla
1418 3612 1817 3677 necessitudo
1861 3610 2030 3676 inter
2072 3611 2373 3676 Vossiani
2413 3612 2835 3696 archetypum
2862 3615 2928 3676 et
2952 3617 3149 3679 uete-

932 3754 1067 3798 rem
1098 3734 1282 3798 illum
1319 3735 1455 3802 cod.
1507 3735 1566 3798 A
1585 3732 1607 3795 l
1626 3732 1705 3795 di
1727 3754 1771 3795 n
1792 3754 1831 3794 u
1851 3755 1912 3796 m
1962 3732 2186 3796 itidem
2209 3733 2281 3796 in
2307 3731 2515 3797 Gallia
2539 3736 2864 3817 repertum
2884 3781 2900 3811 ‚
2928 3734 3015 3799 ob
3041 3736 3149 3803 in-

935 3859 1172 3919 certam
1219 3876 1410 3940 quam
1457 3852 1679 3920 Aldini
1727 3853 1937 3919 adhuc
1972 3852 2281 3919 habemus
2321 3854 2617 3919 notifiam
2662 3854 2883 3937 nequit
2918 3859 3149 3923 statui.

1024 3974 1276 4041 Desinit
1342 3997 1492 4041 uero
1563 3974 1863 4039 Vossiani
1934 3973 2233 4040 librarius
2300 3995 2432 4041 non
2500 3976 2571 4041 in
2632 3975 2762 4040 fine
2825 3976 3144 4060 epistulae

932 4098 1247 4194 secundae
1266 4146 1282 4176 ‚
1323 4098 1431 4163 sed
1471 4097 1541 4163 in
1581 4095 1765 4163 linea.
1786 4096 1921 4161 eius
1962 4095 2358 4181 paenultima
2398 4097 2494 4186 (in
2535 4096 2685 4164 edit.
2725 4094 2891 4169 Keil.
2919 4100 3100 4188 mai.)
3126 4148 3142 4180 ,

933 4241 1136 4304 neque
1172 4219 1260 4285 sic
1299 4218 1453 4284 fecit
1489 4218 1640 4303 quia
1677 4217 1883 4303 spatio
1924 4217 2007 4282 ad
2044 4219 2455 4285 describenda
2492 4219 2677 4304 plura
2714 4219 3002 4286 carebat:
3052 4260 3137 4272 —

931 4362 1040 4405 sex
1113 4342 1284 4406 enim
1352 4343 1693 4424 supersunt
1759 4339 1829 4402 in
1900 4339 2120 4404 eodem
2192 4339 2344 4405 folio
2411 4340 2618 4405 lineae
2678 4361 2919 4406 uacuae
2980 4345 3141 4409 ante

930 4462 1195 4527 titulum
1258 4463 1653 4547 insequentis
1714 4460 1865 4525 libri
1930 4460 1992 4525 S.
2054 4460 2441 4547 Augustini,
2504 4465 2570 4528 et
2614 4462 2913 4528 ultimum
2960 4469 3142 4548 quod

931 4585 1029 4648 est
1095 4584 1402 4669 scriptum
1464 4607 1508 4647 n
1527 4582 1791 4647 ostris
1854 4581 2234 4649 uocabulum
2295 4584 2387 4649 ita
2450 4586 2547 4648 est
2604 4582 2989 4670 distensum,
3062 4590 3141 4651 ut
