3488 5564
2024 543 2063 607 8

940 721 1352 806 epistularum
1420 721 1600 787 libris
1669 725 1925 787 mutuas
1994 743 2249 806 quoque
2318 720 2584 786 Plinii
2654 723 2720 785 et
2786 719 3142 785 Traiani

936 842 1260 928 epistulae.
1319 842 1478 909 Eius
1539 865 1689 909 uero
1755 844 2055 909 memoria
2118 866 2196 909 ex
2247 843 2383 908 sola
2431 842 2711 907 editione
2756 839 2998 906 Aldina
3042 844 3140 906 est

935 966 1214 1049 petenda
1231 1011 1248 1042 ‚
1287 985 1431 1029 cum
1470 964 1666 1029 codex
1703 964 1842 1049 ipse
1880 965 2060 1034 breui
2100 967 2248 1049 post
2288 963 2538 1028 finitam
2562 962 2740 1028 illam
2773 963 3137 1047 deperditus

938 1106 1136 1169 usque
1180 1084 1262 1149 ad
1304 1083 1478 1150 hunc
1525 1085 1688 1150 diem
1735 1085 1955 1150 lateat.

1031 1204 1185 1270 Illas
1222 1207 1434 1270 autem
1475 1208 1609 1270 tam
1651 1205 1863 1270 uarias
1901 1206 2188 1271 codicum
2217 1205 2621 1270 condiciones
2646 1205 2701 1269 si
2724 1207 3131 1282 contuemur,

927 1325 1169 1410 gratias
1213 1345 1481 1410 agamus
1527 1345 1780 1392 necesse
1826 1328 1924 1390 est
1970 1324 2127 1391 Viro
2177 1325 2538 1390 doctissimo
2585 1325 2697 1409 qui
2743 1324 2985 1410 primus
3034 1325 3137 1389 uia

944 1467 1019 1512 ac
1077 1447 1326 1512 ratione
1381 1447 1460 1512 iis
1522 1448 1801 1512 excussis
1861 1452 1927 1512 et
1984 1448 2153 1512 inter
2200 1468 2265 1512 se
2314 1448 2699 1532 comparatis
2746 1448 2998 1532 operosi
3042 1448 3137 1512 sui

941 1567 1179 1632 laboris
1243 1588 1556 1632 summam
1627 1569 1813 1633 nobis
1879 1569 2212 1652 proposuit
2228 1615 2245 1646 ‚
2315 1567 2550 1652 quique
2610 1569 2953 1652 quominus
2998 1589 3135 1633 eam

942 1687 1376 1772 quaestionem
1414 1689 1671 1772 penitus
1707 1689 2065 1753 absolueret
2085 1687 2205 1753 hac
2226 1689 2361 1753 sola
2384 1709 2453 1752 re
2476 1691 2574 1752 est
2593 1688 2939 1772 impeditus
2962 1689 3132 1774 quod

940 1810 1099 1873 duos
1139 1830 1217 1874 ex
1255 1810 1441 1874 dictis
1478 1810 1802 1875 codicibus
1838 1811 2053 1875 uidere
2088 1810 2224 1894 ipse
2246 1830 2381 1874 non
2403 1812 2691 1894 poterat,
2715 1810 2823 1874 sed
2844 1810 3125 1875 iudicare

944 1932 1083 1994 erat
1140 1934 1397 1996 coactus
1457 1952 1534 1995 ex
1592 1932 1670 1996 iis
1729 1953 1891 2016 quae
1955 1931 2140 1996 ualde
2184 1931 2429 1996 incerta
2473 1931 2555 1995 ab
2600 1931 2739 1996 aliis
2787 1931 3136 1996 editoribus

945 2053 1137 2116 antea
1183 2053 1368 2116 erant
1410 2052 1682 2136 prolata.

1019 2172 1118 2238 Et
1172 2173 1520 2256 aegerrime
1579 2172 1834 2257 quidem
1897 2174 2032 2259 ipse
2077 2173 2323 2238 Keilius
2369 2173 2522 2238 tulit
2566 2176 2737 2258 quod
2783 2197 2813 2238 s
2832 2196 2865 2239 e
2883 2195 2918 2239 c
2934 2197 2976 2239 u
2994 2199 3039 2239 n
3057 2175 3133 2238 di

937 2293 1186 2378 generis
1230 2296 1455 2359 testem
1501 2295 1612 2379 qui
1658 2294 1996 2360 uidebatur
2029 2295 2428 2379 praecipuus,
2481 2295 2760 2360 codicem
2799 2296 2947 2361 Ric
2964 2318 2999 2362 c
3015 2319 3053 2360 a
3070 2298 3133 2360 r-

938 2415 1273 2480 dianum
1322 2418 1451 2482 488
1491 2416 1608 2502 (M.
1650 2416 1736 2483 11.
1785 2416 1925 2502 11),
1968 2417 2240 2501 reperire
2279 2438 2411 2481 non
2433 2419 2706 2502 poterat.
2745 2417 2943 2482 Anno
2968 2419 3134 2482 enim

934 2537 1182 2603 circiter
1255 2538 1428 2602 1832
1455 2537 1508 2620 ¹)
1569 2538 1742 2602 furto
1808 2543 1945 2602 erat
2004 2537 2256 2602 ablatus
2316 2539 2372 2602 is
2428 2538 2590 2603 liber
2648 2560 2681 2603 e
2743 2538 3131 2605 bibliotheca

934 2657 1388 2737 Riccardiana‚
1429 2679 1637 2743 neque
1673 2658 1788 2722 ubi
1823 2658 2053 2723 lateret
2090 2657 2223 2721 ullo
2262 2658 2451 2725 modo
2492 2658 2768 2743 contigit
2803 2659 3129 2745 indagare.

932 2777 1489 2866 Adquiescendum
1551 2802 1701 2865 ergo
1766 2784 1903 2848 erat
1963 2781 2032 2845 in
2091 2780 2170 2846 iis
2232 2804 2395 2866 quae
2455 2780 2819 2869 Florentiae
2881 2782 3045 2880 olim=
3096 2806 3133 2847 a

934 2898 1126 2965 Gorio
1187 2902 1336 2965 inde
1395 2905 1653 2966 enotata
1712 2901 1967 2967 Cottius
2029 2924 2135 2966 an.
2190 2903 2364 2967 1734
2412 2902 2710 2969 ediderat.
2757 2902 2940 2978 Quod
2988 2925 3129 2968 cum

933 3020 1120 3085 ualde
1177 3019 1594 3105 neglegenter
1654 3044 1692 3085 a
1738 3020 1954 3086 Gortio
1999 3021 2241 3087 factum
2290 3026 2454 3088 esset
2471 3071 2487 3102 ‚
2539 3028 2782 3090 certum
2830 3027 2907 3089 de
2954 3024 3011 3089 R.
3026 3026 3049 3088 i
3065 3004 3131 3088 c-

933 3142 1331 3207 cardiano
1413 3142 1716 3206 iudicium
1798 3144 1951 3207 ferri
2020 3144 2347 3228 nequibat.
2432 3144 2845 3211 Sufficiebant
2912 3150 3133 3211 tamen

928 3284 1134 3349 pauca
1176 3263 1292 3327 illa
1339 3266 1413 3327 ut
1450 3264 1766 3359 sagaciter
1801 3264 2184 3348 perspiceret
2220 3265 2466 3331 Keilius
2506 3267 2643 3333 fore
2684 3271 2757 3332 ut
2794 3268 2909 3332 illo
2947 3289 3128 3333 recu-

923 3386 1146 3470 perato
1193 3388 1503 3469 quaedam
1550 3386 1784 3450 rectius
1829 3389 2095 3471 possent
2140 3387 2443 3471 explicari
2466 3437 2481 3466 ‚
2520 3390 2716 3454 immo
2759 3390 3015 3475 integra
3053 3393 3129 3454 de

926 3508 1155 3571 horum
1223 3507 1509 3573 codicum
1571 3508 1768 3591 stirpe
1815 3508 2103 3591 quaestio
2151 3512 2315 3573 esset
2360 3513 2787 3577 retractanda.
2836 3510 2913 3575 Id
2960 3514 3128 3596 quod

922 3629 1060 3693 fieri
1120 3628 1310 3693 hodie
1368 3632 1629 3694 tandem
1691 3633 1923 3713 potest.
1988 3630 2204 3695 Rediit
2266 3631 2436 3695 enim
2485 3654 2689 3718 nuper
2733 3631 3125 3697 Florentiam

922 3750 1132 3815 uarios
1176 3753 1322 3835 post
1365 3771 1546 3815 casus
1592 3753 1792 3815 codex
1837 3751 2138 3817 Riccar
2157 3753 2348 3817 dian
2367 3775 2457 3818 us
2503 3754 2721 3838 ibique
2767 3776 2941 3819 nunc
2987 3754 3124 3819 reli·

919 3871 1096 3956 giose
1164 3874 1581 3935 conseruatur
1646 3872 1819 3937 inter
1886 3874 2241 3957 permultos
2309 3874 2455 3939 illos
2526 3879 2589 3940 et
2647 3876 3124 3960 antiquissimos

921 3992 1202 4070 codices,
1267 4014 1426 4076 quos
1475 3990 2188 4059 Ashburnhamus
2237 3991 2520 4060 Comes
2563 3996 2634 4060 in
2684 3995 2927 4080 Anglia
2973 3996 3123 4060 olim

917 4116 1405 4180 coaceruauerat
1473 4119 1721 4198 emptos
1793 4116 2136 4180 maximam
2208 4120 2455 4200 partem
2519 4139 2556 4180 a
2619 4117 2759 4182 uiro
2808 4116 3124 4183 nefandae

920 4235 1259 4300 memoriae
1322 4232 1744 4300 Guilelmo
1808 4235 2064 4302 Libri.
2135 4234 2336 4312 Quem
2398 4236 2680 4301 furatum
2742 4260 2849 4302 eos
2907 4260 3040 4303 esse
3089 4260 3124 4303 e

918 4356 1112 4422 uariis
1130 4403 1146 4435 ,
1212 4354 1457 4420 Galliae
1502 4356 1779 4421 maxime
1828 4363 1893 4422 et
1938 4356 2164 4422 Italiae
2212 4356 2613 4424 bibliothecis
2659 4359 2931 4444 publicis
2979 4381 3123 4425 cum

1010 4616 1064 4677 1)
1098 4613 1170 4663 Cf.
1207 4613 1538 4663 Detlefsen
1572 4613 1625 4662 in
1663 4615 1867 4665 Musei
1901 4616 2087 4665 Rhcn.
2124 4619 2239 4666 tom.
2277 4618 2365 4667 XV
2401 4618 2573 4680 (1860)
2606 4635 2713 4684 pag.
2748 4620 2863 4670 280.
