3488 5564
2387 388 2398 397 x
2440 426 2546 492 »s

1459 539 1537 602 11

386 721 640 787 uidetur
683 743 1030 807 superasse.
1079 722 1313 818 Parum
1363 743 1515 788 uero
1559 722 1710 788 inde
1749 723 2070 788 lucramur
2089 769 2104 798 ,
2148 743 2301 786 nam
2342 725 2594 806 praeter

384 864 588 927 pauca
655 864 820 927 quae
887 842 1057 909 Guil.
1125 843 1418 909 Budaeus
1479 844 1574 924 (in
1633 843 2165 908 annotationibus
2226 844 2296 906 in
2360 841 2594 908 XXIV

383 965 849 1035 Pandectarum
919 965 1118 1030 libros
1138 1016 1154 1049 ,
1221 966 1483 1031 Parisiis
1547 986 1654 1032 an.
1706 965 1878 1030 1508
1928 966 2207 1050 primum
2260 963 2473 1050 editis)
2521 985 2599 1028 ex

379 1086 494 1151 1110
540 1086 853 1151 citauerat
872 1136 888 1169 ,
938 1085 1103 1150 nihil
1148 1087 1225 1151 de
1269 1107 1344 1151 eo
1393 1091 1787 1171 compertum
1837 1086 2144 1151 habemus
2193 1086 2317 1151 nisi
2359 1106 2438 1149 ex
2462 1086 2596 1150 sola

385 1207 645 1274 Aldina.
685 1206 766 1270 In
807 1228 934 1291 qua
975 1229 1118 1272 cum
1157 1208 1469 1292 epistulae
1508 1210 1591 1271 ad
1628 1228 1736 1271 sex
1780 1205 1911 1271 fere
1951 1206 2053 1270 uel
2091 1209 2335 1290 septem
2360 1205 2596 1270 diuersi

383 1329 723 1394 admodum
761 1329 1010 1409 generis
1050 1329 1296 1394 codices
1331 1329 1690 1414 promiscue
1728 1329 1864 1393 sint
1902 1328 2249 1393 recensitae
2272 1374 2287 1404 ,
2330 1328 2596 1411 insuper

384 1471 534 1514 uero
592 1449 798 1514 Aldus
861 1450 1240 1514 coniecturis
1301 1449 1436 1514 siue
1495 1450 1628 1514 suis
1692 1449 1828 1513 siue
1873 1448 2147 1513 Iucundi
2195 1447 2588 1514 Veronensis

378 1591 833 1655 saepenumero
891 1570 1263 1663 indulserit,
1328 1572 1543 1635 statim
1609 1574 1877 1655 apparet
1939 1569 2147 1636 Keilio
2209 1592 2343 1635 rem
2394 1568 2589 1635 fuisse

381 1692 643 1757 arduam
704 1694 770 1756 et
826 1692 1013 1756 ualde
1075 1692 1384 1758 lubricam
1450 1696 1528 1757 de
1581 1696 1836 1758 uetusto
1882 1692 1995 1756 illo
2044 1692 2210 1757 libro
2258 1692 2329 1755 in
2379 1689 2590 1756 Gallia

383 1813 536 1877 olim
582 1813 692 1897 qui
735 1813 930 1878 fuerit
976 1814 1126 1878 inde
1170 1814 1334 1878 ferre
1381 1814 1706 1878 iudicium.

462 1933 814 2017 Aliquanto
884 1936 1096 1998 autem
1166 1934 1390 1998 melius
1459 1955 1534 1999 ea
1604 1938 1680 2000 dc
1742 1957 1811 1999 re
1879 1956 2051 1999 nunc
2098 1937 2356 1999 demum
2407 1955 2592 2018 posse

377 2054 643 2120 iudicari
688 2053 857 2119 felici
901 2054 1169 2119 debetur
1212 2053 1287 2120 E.
1339 2054 1416 2120 Gr.
1467 2055 1795 2140 Hardyi
1840 2057 2133 2120 inuento.
2183 2054 2247 2120 Is
2295 2055 2468 2120 enim
2493 2055 2594 2119 uir

375 2178 598 2240 doctus
661 2176 941 2260 repperit
1001 2197 1209 2260 nuper
1234 2174 1288 2262 1)
1335 2175 1623 2241 Oxoniae
1670 2177 1740 2241 in
1788 2176 2191 2242 Bibliotheca
2238 2176 2593 2241 Bodleiana

377 2297 687 2362 editiones
734 2297 1182 2362 Beroaldinam
1232 2318 1335 2361 an.
1394 2298 1564 2363 1498
1609 2300 1676 2361 et
1724 2296 2164 2362 Auantianam
2213 2319 2318 2363 an.
2372 2295 2544 2360 1502
2566 2342 2582 2374 ‚

375 2418 608 2503 quibus
674 2421 927 2503 praeter
996 2421 1249 2483 mutuas
1319 2418 1518 2483 Plinii
1591 2422 1656 2482 et
1723 2417 1989 2482 Traiani
2066 2418 2371 2501 epistulas
2441 2438 2589 2482 mss.

381 2539 637 2603 additae
682 2541 835 2603 sunt
879 2539 1092 2603 uariae
1137 2539 1442 2604 lectiones
1488 2538 1692 2622 ipsius
1725 2537 1901 2602 illius
1938 2537 2064 2603 nisi
2101 2538 2317 2602 omnia
2355 2537 2595 2600 fallunt

384 2659 618 2725 codicis
679 2659 999 2724 Aldini.
1054 2658 1144 2723 Et
1190 2659 1524 2724 utilissime
1570 2658 1684 2723 illo
1733 2680 1906 2724 nouo
1953 2658 2235 2723 subsidio
2280 2659 2409 2722 iam
2455 2657 2593 2742 ipse

382 2780 607 2865 Hardy
652 2785 748 2846 est
795 2804 945 2847 usus
989 2782 1061 2846 in
1109 2781 1476 2866 nuperrima
1522 2803 1636 2845 sua
1682 2779 1880 2845 Plinii
1926 2782 1993 2844 et
2037 2778 2300 2844 Traiani
2348 2777 2589 2863 epistu-

382 2903 590 2967 larum
660 2907 1026 2968 mutuarum
1095 2904 1376 2968 editione
1401 2902 1475 2990 2).
1547 2902 1713 2978 Quid
1788 2923 1936 2967 uero
2008 2904 2089 2966 ad
2153 2902 2590 2967 emendandos

376 3023 790 3108 epistularum
813 3023 1013 3089 libros
1034 3022 1255 3088 I—IX
1278 3024 1429 3088 inde
1451 3024 1535 3089 sit
1559 3024 2092 3107 redundaturum,
2120 3026 2411 3087 nondum
2437 3024 2593 3088 satis

375 3146 671 3209 constare
717 3145 1002 3210 uidetur.

465 3264 575 3330 An
622 3287 774 3331 uero
819 3267 976 3331 adeo
1019 3266 1203 3330 nobis
1242 3287 1543 3350 umquam
1585 3266 1672 3331 sit
1709 3265 1965 3330 fautura
2001 3265 2267 3330 fortuna
2290 3312 2306 3342 ‚
2348 3267 2423 3329 ut
2461 3265 2596 3329 siue

377 3386 487 3451 ille
552 3385 691 3470 ipse
759 3387 827 3451 in
899 3385 1110 3451 Gallia
1179 3386 1333 3451 olim
1396 3390 1686 3472 repertus
1750 3390 1817 3450 ct
1878 3408 1916 3450 a
1982 3385 2238 3451 Budaeo
2303 3385 2596 3470 Aldoque

383 3508 616 3572 citatus
634 3554 650 3586 ,
700 3508 832 3572 siue
877 3506 1040 3571 alius
1088 3508 1232 3591 quis
1271 3508 1498 3591 optimi
1537 3508 1793 3591 generis
1831 3510 2028 3571 codex
2065 3506 2319 3590 integer
2358 3505 2595 3570 alicubi

383 3629 696 3692 terrarum
759 3634 1046 3713 emergat
1065 3675 1080 3705 ,
1147 3628 1330 3693 ualde
1391 3632 1486 3693 est
1533 3628 1871 3693 incertum.
1937 3626 2073 3692 Nec
2123 3630 2340 3692 tamen
2385 3626 2595 3690 omnis

384 3753 482 3813 est
551 3748 883 3814 abicienda
951 3771 1118 3834 spes.
1189 3748 1382 3813 Haud
1455 3750 1626 3814 enim
1695 3770 1935 3832 paruus
2005 3751 2103 3812 est
2162 3748 2597 3812 aestimandus

387 3891 605 3934 earum
688 3869 1220 3935 bibliothecarum
1303 3892 1604 3935 numerus
1671 3891 1835 3954 quae
1906 3869 2235 3935 thesauros
2307 3869 2595 3933 nondum

327 4042 334 4047 .
386 3990 749 4074 exploratos
767 4038 782 4069 ‚
869 3994 1037 4055 certe
1120 4012 1252 4056 non
1342 3990 1685 4056 exhaustos
1771 3991 2144 4074 continent,
2216 4011 2335 4054 nec
2404 3989 2598 4053 nimis

383 4111 642 4176 audacis
678 4115 775 4176 est
811 4113 1173 4197 praesagire
1209 4112 1347 4177 fore
1386 4115 1460 4176 ut
1496 4111 1624 4177 illis
1648 4111 1898 4177 cunctis
1927 4112 2264 4195 diligenter
2285 4110 2596 4196 peruesti-

476 4368 930 4432 1)of.11ardy
978 4368 1204 4418 ni'l'he
1251 4369 1524 4419 Journal
1571 4367 2604 4497 01Ρ1ι1ἰ1013],Χ’1Ῑ11(1888),Ῑ.)ει3ἱ

380 4450 1424 4511 95-108001W1d81
1480 4447 2522 4514 dCP11..eCaecSece.rtImp'l'ai

378 4532 1113 4597 ptuhmtsdptt
1151 4530 1696 4599 (Lug..dBt1889),
1737 4533 1969 4597 Ρο3.·22
2007 4532 2159 4581 1110
2137 4547 2238 4595 000

486 4616 542 4679 2)
575 4614 763 4664 Londin
764 4630 809 4670 1,
873 4630 921 4665 n.
962 4616 1109 4666 1889.
