<?xml version="1.0" encoding="UTF-8"?>
<!DOCTYPE html PUBLIC "-//W3C//DTD XHTML 1.0 Transitional//EN"
    "http://www.w3.org/TR/xhtml1/DTD/xhtml1-transitional.dtd">
<html xmlns="http://www.w3.org/1999/xhtml" xml:lang="en" lang="en">
 <head>
  <title>
</title>
<meta http-equiv="Content-Type" content="text/html;charset=utf-8" />
  <meta name='ocr-system' content='tesseract 3.04.00' />
  <meta name='ocr-capabilities' content='ocr_page ocr_carea ocr_par ocr_line ocrx_word'/>
</head>
<body>
  <div class='ocr_page' id='page_1' title='image "./inestcommentati00vriegoog/inestcommentati00vriegoog_0009.png"; bbox 0 0 3488 5564; ppageno 0'>
   <div class='ocr_carea' id='block_1_1' title="bbox 332 1413 2555 4648">
    <p class='ocr_par' dir='ltr' id='par_1_1' title="bbox 332 1413 2555 3921">
     <span class='ocr_line' id='line_1_1' title="bbox 441 1413 2555 1499; baseline -0.002 -18"><span class='ocrx_word' id='word_1_1' title='bbox 441 1413 514 1481; x_wconf 82' lang='lat'>0.</span> <span class='ocrx_word' id='word_1_2' title='bbox 579 1414 852 1479; x_wconf 90' lang='lat' dir='ltr'>Plinii</span> <span class='ocrx_word' id='word_1_3' title='bbox 911 1414 1284 1480; x_wconf 80' lang='lat' dir='ltr'>Caecilii</span> <span class='ocrx_word' id='word_1_4' title='bbox 1345 1414 1711 1481; x_wconf 81' lang='lat' dir='ltr'>Secundi</span> <span class='ocrx_word' id='word_1_5' title='bbox 1772 1413 2220 1499; x_wconf 83' lang='lat' dir='ltr'>Epistulas</span> <span class='ocrx_word' id='word_1_6' title='bbox 2264 1417 2437 1499; x_wconf 88' lang='lat' dir='ltr'>quod</span> <span class='ocrx_word' id='word_1_7' title='bbox 2482 1415 2555 1478; x_wconf 89' lang='lat' dir='ltr'>in</span> 
     </span>
     <span class='ocr_line' id='line_1_2' title="bbox 348 1534 2553 1620; baseline 0 -21"><span class='ocrx_word' id='word_1_8' title='bbox 348 1534 722 1600; x_wconf 89' lang='lat' dir='ltr'>uniuersum</span> <span class='ocrx_word' id='word_1_9' title='bbox 791 1536 955 1600; x_wconf 90' lang='lat' dir='ltr'>bene</span> <span class='ocrx_word' id='word_1_10' title='bbox 1022 1538 1393 1600; x_wconf 87' lang='lat' dir='ltr'>emendatas</span> <span class='ocrx_word' id='word_1_11' title='bbox 1462 1535 1650 1600; x_wconf 92' lang='lat' dir='ltr'>hodie</span> <span class='ocrx_word' id='word_1_12' title='bbox 1718 1536 1993 1620; x_wconf 87' lang='lat' dir='ltr'>legimus</span> <span class='ocrx_word' id='word_1_13' title='bbox 2063 1534 2350 1619; x_wconf 86' lang='lat' dir='ltr'>talesque</span> <span class='ocrx_word' id='word_1_14' title='bbox 2421 1534 2553 1599; x_wconf 86' lang='lat' dir='ltr'>fere</span> 
     </span>
     <span class='ocr_line' id='line_1_3' title="bbox 349 1655 2553 1741; baseline 0 -22"><span class='ocrx_word' id='word_1_15' title='bbox 349 1655 570 1741; x_wconf 88' lang='lat' dir='ltr'>quales</span> <span class='ocrx_word' id='word_1_16' title='bbox 629 1655 711 1719; x_wconf 88' lang='lat' dir='ltr'>ab</span> <span class='ocrx_word' id='word_1_17' title='bbox 767 1655 907 1740; x_wconf 87' lang='lat' dir='ltr'>ipso</span> <span class='ocrx_word' id='word_1_18' title='bbox 955 1656 1259 1721; x_wconf 89' lang='lat' dir='ltr'>uidentur</span> <span class='ocrx_word' id='word_1_19' title='bbox 1303 1657 1704 1740; x_wconf 76' lang='lat' dir='ltr'>conscriptae</span> <span class='ocrx_word' id='word_1_20' title='bbox 1725 1702 1742 1734; x_wconf 86' lang='lat'><strong>,</strong></span> <span class='ocrx_word' id='word_1_21' title='bbox 1792 1657 2131 1741; x_wconf 69' lang='lat' dir='ltr'>sagacitati</span> <span class='ocrx_word' id='word_1_22' title='bbox 2176 1656 2440 1720; x_wconf 88' lang='lat' dir='ltr'>debetur</span> <span class='ocrx_word' id='word_1_23' title='bbox 2487 1659 2553 1720; x_wconf 93' lang='lat' dir='ltr'>et</span> 
     </span>
     <span class='ocr_line' id='line_1_4' title="bbox 346 1776 2550 1862; baseline -0 -22"><span class='ocrx_word' id='word_1_24' title='bbox 346 1777 676 1842; x_wconf 87' lang='lat' dir='ltr'>doctrinae</span> <span class='ocrx_word' id='word_1_25' title='bbox 723 1776 846 1841; x_wconf 92' lang='lat' dir='ltr'>uiri</span> <span class='ocrx_word' id='word_1_26' title='bbox 890 1780 969 1842; x_wconf 93' lang='lat' dir='ltr'>de</span> <span class='ocrx_word' id='word_1_27' title='bbox 1012 1777 1246 1842; x_wconf 87' lang='lat' dir='ltr'>litteris</span> <span class='ocrx_word' id='word_1_28' title='bbox 1293 1777 1542 1842; x_wconf 87' lang='lat' dir='ltr'>Latinis</span> <span class='ocrx_word' id='word_1_29' title='bbox 1591 1799 1992 1862; x_wconf 87' lang='lat' dir='ltr'>summopere</span> <span class='ocrx_word' id='word_1_30' title='bbox 2040 1777 2250 1842; x_wconf 89' lang='lat' dir='ltr'>meriti</span> <span class='ocrx_word' id='word_1_31' title='bbox 2270 1824 2287 1856; x_wconf 90' lang='lat'>‚</span> <span class='ocrx_word' id='word_1_32' title='bbox 2336 1777 2453 1841; x_wconf 91' lang='lat' dir='ltr'>He</span> <span class='ocrx_word' id='word_1_33' title='bbox 2472 1800 2550 1841; x_wconf 88' lang='lat' dir='ltr'>n-.</span> 
     </span>
     <span class='ocr_line' id='line_1_5' title="bbox 343 1895 2545 1983; baseline 0.001 -23"><span class='ocrx_word' id='word_1_34' title='bbox 343 1896 500 1960; x_wconf 87' lang='lat' dir='ltr'>rici</span> <span class='ocrx_word' id='word_1_35' title='bbox 567 1896 852 1962; x_wconf 88' lang='lat' dir='ltr'>Keilii.</span> <span class='ocrx_word' id='word_1_36' title='bbox 923 1895 1046 1973; x_wconf 85' lang='lat' dir='ltr'>Qui</span> <span class='ocrx_word' id='word_1_37' title='bbox 1113 1901 1454 1983; x_wconf 87' lang='lat' dir='ltr'>postquam</span> <span class='ocrx_word' id='word_1_38' title='bbox 1521 1898 2064 1983; x_wconf 85' lang='lat' dir='ltr'>disputationibus</span> <span class='ocrx_word' id='word_1_39' title='bbox 2127 1897 2375 1962; x_wconf 88' lang='lat' dir='ltr'>duabus</span> <span class='ocrx_word' id='word_1_40' title='bbox 2440 1920 2545 1963; x_wconf 89' lang='lat' dir='ltr'>an.</span> 
     </span>
     <span class='ocr_line' id='line_1_6' title="bbox 347 2017 2547 2103; baseline 0 -22"><span class='ocrx_word' id='word_1_41' title='bbox 347 2017 520 2083; x_wconf 85' lang='lat'>1865</span> <span class='ocrx_word' id='word_1_42' title='bbox 584 2022 649 2081; x_wconf 88' lang='lat' dir='ltr'>et</span> <span class='ocrx_word' id='word_1_43' title='bbox 716 2019 887 2084; x_wconf 89' lang='lat'>1866</span> <span class='ocrx_word' id='word_1_44' title='bbox 952 2017 1275 2103; x_wconf 82' lang='lat' dir='ltr'>Erlangae</span> <span class='ocrx_word' id='word_1_45' title='bbox 1342 2019 1587 2084; x_wconf 81' lang='lat' dir='ltr'>emissis</span> <span class='ocrx_word' id='word_1_46' title='bbox 1643 2019 1781 2083; x_wconf 79' lang='lat' dir='ltr'>»de</span> <span class='ocrx_word' id='word_1_47' title='bbox 1830 2019 2097 2083; x_wconf 92' lang='lat' dir='ltr'>Plinii</span> <span class='ocrx_word' id='word_1_48' title='bbox 2142 2019 2547 2103; x_wconf 88' lang='lat' dir='ltr'>epistulis</span> 
     </span>
     <span class='ocr_line' id='line_1_7' title="bbox 342 2139 2546 2225; baseline -0.001 -20"><span class='ocrx_word' id='word_1_49' title='bbox 342 2142 932 2206; x_wconf 87' lang='lat' dir='ltr'>emendandis”</span> <span class='ocrx_word' id='word_1_50' title='bbox 988 2142 1191 2206; x_wconf 84' lang='lat' dir='ltr'>fusius</span> <span class='ocrx_word' id='word_1_51' title='bbox 1237 2141 1373 2225; x_wconf 83' lang='lat' dir='ltr'>egit</span> <span class='ocrx_word' id='word_1_52' title='bbox 1418 2146 1483 2205; x_wconf 90' lang='lat' dir='ltr'>et</span> <span class='ocrx_word' id='word_1_53' title='bbox 1525 2163 1600 2205; x_wconf 89' lang='lat' dir='ltr'>ea</span> <span class='ocrx_word' id='word_1_54' title='bbox 1646 2163 1808 2225; x_wconf 90' lang='lat' dir='ltr'>quae</span> <span class='ocrx_word' id='word_1_55' title='bbox 1854 2141 1923 2204; x_wconf 92' lang='lat' dir='ltr'>in</span> <span class='ocrx_word' id='word_1_56' title='bbox 1972 2139 2368 2225; x_wconf 75' lang='lat' dir='ltr'>praefatione</span> <span class='ocrx_word' id='word_1_57' title='bbox 2411 2139 2546 2203; x_wconf 90' lang='lat' dir='ltr'>edi-</span> 
     </span>
     <span class='ocr_line' id='line_1_8' title="bbox 339 2261 2540 2346; baseline -0 -21"><span class='ocrx_word' id='word_1_58' title='bbox 339 2261 538 2325; x_wconf 86' lang='lat' dir='ltr'>tionis</span> <span class='ocrx_word' id='word_1_59' title='bbox 579 2261 844 2327; x_wconf 86' lang='lat' dir='ltr'>minoris</span> <span class='ocrx_word' id='word_1_60' title='bbox 880 2261 1363 2327; x_wconf 84' lang='lat' dir='ltr'>Teubnerianae</span> <span class='ocrx_word' id='word_1_61' title='bbox 1405 2262 1560 2325; x_wconf 88' lang='lat' dir='ltr'>anni</span> <span class='ocrx_word' id='word_1_62' title='bbox 1607 2261 1783 2327; x_wconf 85' lang='lat'>1853</span> <span class='ocrx_word' id='word_1_63' title='bbox 1807 2261 2089 2326; x_wconf 89' lang='lat' dir='ltr'>breuiter</span> <span class='ocrx_word' id='word_1_64' title='bbox 2112 2261 2540 2346; x_wconf 85' lang='lat' dir='ltr'>indicauerat,</span> 
     </span>
     <span class='ocr_line' id='line_1_9' title="bbox 340 2381 2549 2467; baseline 0 -23"><span class='ocrx_word' id='word_1_65' title='bbox 340 2381 472 2446; x_wconf 89' lang='lat' dir='ltr'>illic</span> <span class='ocrx_word' id='word_1_66' title='bbox 530 2383 822 2466; x_wconf 84' lang='lat' dir='ltr'>exposuit</span> <span class='ocrx_word' id='word_1_67' title='bbox 867 2385 935 2446; x_wconf 92' lang='lat' dir='ltr'>et</span> <span class='ocrx_word' id='word_1_68' title='bbox 977 2383 1294 2448; x_wconf 86' lang='lat' dir='ltr'>stabiliuit</span> <span class='ocrx_word' id='word_1_69' title='bbox 1336 2383 1668 2467; x_wconf 88' lang='lat' dir='ltr'>iustaeque</span> <span class='ocrx_word' id='word_1_70' title='bbox 1711 2383 2101 2447; x_wconf 88' lang='lat' dir='ltr'>recensionis</span> <span class='ocrx_word' id='word_1_71' title='bbox 2147 2383 2352 2446; x_wconf 88' lang='lat' dir='ltr'>solida</span> <span class='ocrx_word' id='word_1_72' title='bbox 2396 2382 2549 2446; x_wconf 88' lang='lat' dir='ltr'>iecit</span> 
     </span>
     <span class='ocr_line' id='line_1_10' title="bbox 340 2475 2546 2589; baseline 0.001 -25"><span class='ocrx_word' id='word_1_73' title='bbox 340 2475 758 2566; x_wconf 88' lang='lat' dir='ltr'>fundamenta</span> <span class='ocrx_word' id='word_1_74' title='bbox 774 2548 789 2579; x_wconf 94' lang='lat'>‚</span> <span class='ocrx_word' id='word_1_75' title='bbox 838 2523 1012 2566; x_wconf 82' lang='lat' dir='ltr'>anno</span> <span class='ocrx_word' id='word_1_76' title='bbox 1065 2503 1237 2567; x_wconf 84' lang='lat'>1870</span> <span class='ocrx_word' id='word_1_77' title='bbox 1284 2503 1629 2568; x_wconf 87' lang='lat' dir='ltr'>editionem</span> <span class='ocrx_word' id='word_1_78' title='bbox 1677 2503 1933 2589; x_wconf 87' lang='lat' dir='ltr'>parauit</span> <span class='ocrx_word' id='word_1_79' title='bbox 1979 2502 2266 2568; x_wconf 85' lang='lat' dir='ltr'>criticam</span> <span class='ocrx_word' id='word_1_80' title='bbox 2286 2550 2303 2582; x_wconf 90' lang='lat'>‚</span> <span class='ocrx_word' id='word_1_81' title='bbox 2353 2525 2546 2587; x_wconf 90' lang='lat' dir='ltr'>quam</span> 
     </span>
     <span class='ocr_line' id='line_1_11' title="bbox 341 2622 2542 2708; baseline 0.001 -23"><span class='ocrx_word' id='word_1_82' title='bbox 341 2625 613 2699; x_wconf 86' lang='lat' dir='ltr'>uocant,</span> <span class='ocrx_word' id='word_1_83' title='bbox 662 2623 966 2686; x_wconf 84' lang='lat' dir='ltr'>maiorem</span> <span class='ocrx_word' id='word_1_84' title='bbox 1005 2622 1284 2708; x_wconf 86' lang='lat' dir='ltr'>(Lipsiae</span> <span class='ocrx_word' id='word_1_85' title='bbox 1303 2669 1320 2700; x_wconf 92' lang='lat'>‚</span> <span class='ocrx_word' id='word_1_86' title='bbox 1365 2623 1435 2687; x_wconf 96' lang='lat' dir='ltr'>in</span> <span class='ocrx_word' id='word_1_87' title='bbox 1483 2623 1744 2689; x_wconf 88' lang='lat' dir='ltr'>aedibus</span> <span class='ocrx_word' id='word_1_88' title='bbox 1792 2622 1867 2687; x_wconf 91' lang='lat' dir='ltr'>B.</span> <span class='ocrx_word' id='word_1_89' title='bbox 1920 2622 1996 2688; x_wconf 80' lang='lat' dir='ltr'>G.</span> <span class='ocrx_word' id='word_1_90' title='bbox 2047 2622 2413 2708; x_wconf 85' lang='lat' dir='ltr'>Teubneri).</span> <span class='ocrx_word' id='word_1_91' title='bbox 2462 2623 2542 2687; x_wconf 90' lang='lat' dir='ltr'>In</span> 
     </span>
     <span class='ocr_line' id='line_1_12' title="bbox 341 2743 2542 2829; baseline 0.001 -22"><span class='ocrx_word' id='word_1_92' title='bbox 341 2765 469 2828; x_wconf 88' lang='lat' dir='ltr'>qua</span> <span class='ocrx_word' id='word_1_93' title='bbox 527 2764 672 2808; x_wconf 91' lang='lat' dir='ltr'>cum</span> <span class='ocrx_word' id='word_1_94' title='bbox 732 2747 817 2809; x_wconf 87' lang='lat' dir='ltr'>ad</span> <span class='ocrx_word' id='word_1_95' title='bbox 863 2745 1253 2829; x_wconf 88' lang='lat' dir='ltr'>optimorum</span> <span class='ocrx_word' id='word_1_96' title='bbox 1314 2745 1603 2811; x_wconf 86' lang='lat' dir='ltr'>codicum</span> <span class='ocrx_word' id='word_1_97' title='bbox 1665 2745 2112 2810; x_wconf 87' lang='lat' dir='ltr'>auctoritatem</span> <span class='ocrx_word' id='word_1_98' title='bbox 2176 2743 2412 2829; x_wconf 91' lang='lat' dir='ltr'>ubique</span> <span class='ocrx_word' id='word_1_99' title='bbox 2474 2767 2542 2809; x_wconf 88' lang='lat' dir='ltr'>se</span> 
     </span>
     <span class='ocr_line' id='line_1_13' title="bbox 341 2864 2544 2950; baseline 0.002 -22"><span class='ocrx_word' id='word_1_100' title='bbox 341 2864 623 2949; x_wconf 90' lang='lat' dir='ltr'>applicat</span> <span class='ocrx_word' id='word_1_101' title='bbox 714 2886 1057 2950; x_wconf 91' lang='lat' dir='ltr'>eorumque</span> <span class='ocrx_word' id='word_1_102' title='bbox 1148 2865 1400 2930; x_wconf 88' lang='lat' dir='ltr'>fidelem</span> <span class='ocrx_word' id='word_1_103' title='bbox 1485 2864 1746 2930; x_wconf 85' lang='lat' dir='ltr'>exhibet</span> <span class='ocrx_word' id='word_1_104' title='bbox 1829 2866 2176 2949; x_wconf 86' lang='lat' dir='ltr'>imaginem</span> <span class='ocrx_word' id='word_1_105' title='bbox 2198 2912 2213 2943; x_wconf 94' lang='lat'>‚</span> <span class='ocrx_word' id='word_1_106' title='bbox 2299 2865 2544 2950; x_wconf 84' lang='lat' dir='ltr'>primus</span> 
     </span>
     <span class='ocr_line' id='line_1_14' title="bbox 338 2983 2542 3071; baseline 0 -22"><span class='ocrx_word' id='word_1_107' title='bbox 338 2983 666 3069; x_wconf 83' lang='lat' dir='ltr'>Epistulas</span> <span class='ocrx_word' id='word_1_108' title='bbox 735 3006 882 3051; x_wconf 89' lang='lat' dir='ltr'>uere</span> <span class='ocrx_word' id='word_1_109' title='bbox 943 2985 1367 3071; x_wconf 82' lang='lat' dir='ltr'>›recensuit”‚</span> <span class='ocrx_word' id='word_1_110' title='bbox 1435 2989 1501 3051; x_wconf 89' lang='lat' dir='ltr'>et</span> <span class='ocrx_word' id='word_1_111' title='bbox 1561 2987 1716 3071; x_wconf 87' lang='lat' dir='ltr'>quid</span> <span class='ocrx_word' id='word_1_112' title='bbox 1779 2986 2136 3070; x_wconf 89' lang='lat' dir='ltr'>antiquitus</span> <span class='ocrx_word' id='word_1_113' title='bbox 2196 2986 2504 3051; x_wconf 84' lang='lat' dir='ltr'>traditum</span> <span class='ocrx_word' id='word_1_114' title='bbox 2525 3032 2542 3063; x_wconf 87' lang='lat'>‚</span> 
     </span>
     <span class='ocr_line' id='line_1_15' title="bbox 333 3092 2542 3197; baseline -0.001 -26"><span class='ocrx_word' id='word_1_115' title='bbox 333 3107 489 3191; x_wconf 89' lang='lat' dir='ltr'>quid</span> <span class='ocrx_word' id='word_1_116' title='bbox 549 3092 772 3192; x_wconf 85' lang='lat' dir='ltr'>postea</span> <span class='ocrx_word' id='word_1_117' title='bbox 833 3108 1107 3197; x_wconf 84' lang='lat' dir='ltr'>inlatum</span> <span class='ocrx_word' id='word_1_118' title='bbox 1169 3108 1718 3191; x_wconf 86' lang='lat' dir='ltr'>interpolatumue</span> <span class='ocrx_word' id='word_1_119' title='bbox 1770 3110 1937 3171; x_wconf 89' lang='lat' dir='ltr'>esset</span> <span class='ocrx_word' id='word_1_120' title='bbox 1982 3107 2301 3182; x_wconf 81' lang='lat' dir='ltr'>ostendit3</span> <span class='ocrx_word' id='word_1_121' title='bbox 2350 3106 2542 3170; x_wconf 92' lang='lat' dir='ltr'>simul</span> 
     </span>
     <span class='ocr_line' id='line_1_16' title="bbox 334 3227 2543 3314; baseline -0.001 -22"><span class='ocrx_word' id='word_1_122' title='bbox 334 3249 489 3293; x_wconf 89' lang='lat' dir='ltr'>uero</span> <span class='ocrx_word' id='word_1_123' title='bbox 512 3227 801 3294; x_wconf 86' lang='lat' dir='ltr'>felicibus</span> <span class='ocrx_word' id='word_1_124' title='bbox 821 3229 1021 3314; x_wconf 91' lang='lat' dir='ltr'>ipsius</span> <span class='ocrx_word' id='word_1_125' title='bbox 1045 3234 1110 3294; x_wconf 91' lang='lat' dir='ltr'>et</span> <span class='ocrx_word' id='word_1_126' title='bbox 1133 3229 1480 3294; x_wconf 89' lang='lat' dir='ltr'>amicorum</span> <span class='ocrx_word' id='word_1_127' title='bbox 1512 3267 1577 3277; x_wconf 96' lang='lat'><strong>—</strong></span> <span class='ocrx_word' id='word_1_128' title='bbox 1604 3229 1658 3293; x_wconf 88' lang='grc' dir='ltr'><strong>Τ</strong></span> <span class='ocrx_word' id='word_1_129' title='bbox 1674 3229 1735 3293; x_wconf 91' lang='lat' dir='ltr'>h.</span> <span class='ocrx_word' id='word_1_130' title='bbox 1765 3228 1833 3293; x_wconf 82' lang='lat' dir='ltr'>M</span> <span class='ocrx_word' id='word_1_131' title='bbox 1854 3250 1891 3293; x_wconf 95' lang='lat' dir='ltr'>o</span> <span class='ocrx_word' id='word_1_132' title='bbox 1910 3251 1972 3292; x_wconf 94' lang='lat' dir='ltr'>m</span> <span class='ocrx_word' id='word_1_133' title='bbox 1988 3250 2052 3292; x_wconf 92' lang='lat' dir='ltr'>m</span> <span class='ocrx_word' id='word_1_134' title='bbox 2070 3250 2101 3292; x_wconf 87' lang='lat' dir='ltr'>s</span> <span class='ocrx_word' id='word_1_135' title='bbox 2117 3250 2150 3291; x_wconf 91' lang='lat' dir='ltr'>e</span> <span class='ocrx_word' id='word_1_136' title='bbox 2168 3228 2245 3291; x_wconf 91' lang='lat' dir='ltr'>ni</span> <span class='ocrx_word' id='word_1_137' title='bbox 2271 3227 2543 3291; x_wconf 87' lang='lat' dir='ltr'>maxime</span> 
     </span>
     <span class='ocr_line' id='line_1_17' title="bbox 339 3328 2545 3435; baseline -0.001 -20"><span class='ocrx_word' id='word_1_138' title='bbox 339 3386 424 3399; x_wconf 93' lang='lat'>—</span> <span class='ocrx_word' id='word_1_139' title='bbox 450 3349 828 3415; x_wconf 88' lang='lat' dir='ltr'>coniecturis</span> <span class='ocrx_word' id='word_1_140' title='bbox 852 3328 1234 3415; x_wconf 86' lang='lat' dir='ltr'>medicinam</span> <span class='ocrx_word' id='word_1_141' title='bbox 1256 3350 1411 3415; x_wconf 87' lang='lat' dir='ltr'>locis</span> <span class='ocrx_word' id='word_1_142' title='bbox 1435 3351 1869 3435; x_wconf 86' lang='lat' dir='ltr'>compluribus</span> <span class='ocrx_word' id='word_1_143' title='bbox 1891 3350 2133 3415; x_wconf 89' lang='lat' dir='ltr'>attulit.</span> <span class='ocrx_word' id='word_1_144' title='bbox 2174 3349 2322 3413; x_wconf 89' lang='lat' dir='ltr'>Iure</span> <span class='ocrx_word' id='word_1_145' title='bbox 2344 3347 2545 3433; x_wconf 83' lang='lat' dir='ltr'>igitur</span> 
     </span>
     <span class='ocr_line' id='line_1_18' title="bbox 336 3468 2543 3555; baseline -0.001 -20"><span class='ocrx_word' id='word_1_146' title='bbox 336 3474 553 3555; x_wconf 88' lang='lat' dir='ltr'>potest</span> <span class='ocrx_word' id='word_1_147' title='bbox 588 3471 712 3536; x_wconf 90' lang='lat' dir='ltr'>dici</span> <span class='ocrx_word' id='word_1_148' title='bbox 750 3471 832 3536; x_wconf 88' lang='lat' dir='ltr'>ab</span> <span class='ocrx_word' id='word_1_149' title='bbox 869 3472 984 3535; x_wconf 88' lang='lat' dir='ltr'>illa</span> <span class='ocrx_word' id='word_1_150' title='bbox 1023 3472 1304 3537; x_wconf 88' lang='lat' dir='ltr'>editione</span> <span class='ocrx_word' id='word_1_151' title='bbox 1330 3492 1564 3536; x_wconf 87' lang='lat' dir='ltr'>nouam</span> <span class='ocrx_word' id='word_1_152' title='bbox 1589 3474 1863 3537; x_wconf 86' lang='lat' dir='ltr'>aetatem</span> <span class='ocrx_word' id='word_1_153' title='bbox 1890 3470 2205 3535; x_wconf 89' lang='lat' dir='ltr'>Plinianis</span> <span class='ocrx_word' id='word_1_154' title='bbox 2227 3468 2543 3555; x_wconf 84' lang='lat' dir='ltr'>Epistulis</span> 
     </span>
     <span class='ocr_line' id='line_1_19' title="bbox 332 3592 2540 3678; baseline -0.001 -21"><span class='ocrx_word' id='word_1_155' title='bbox 332 3592 648 3677; x_wconf 86' lang='lat' dir='ltr'>incipere:</span> <span class='ocrx_word' id='word_1_156' title='bbox 717 3594 783 3657; x_wconf 93' lang='lat' dir='ltr'>id</span> <span class='ocrx_word' id='word_1_157' title='bbox 850 3596 1025 3678; x_wconf 89' lang='lat' dir='ltr'>quod</span> <span class='ocrx_word' id='word_1_158' title='bbox 1085 3594 1303 3658; x_wconf 86' lang='lat' dir='ltr'>statim</span> <span class='ocrx_word' id='word_1_159' title='bbox 1365 3599 1632 3678; x_wconf 86' lang='lat' dir='ltr'>apparet</span> <span class='ocrx_word' id='word_1_160' title='bbox 1693 3595 1748 3658; x_wconf 93' lang='lat' dir='ltr'>si</span> <span class='ocrx_word' id='word_1_161' title='bbox 1812 3593 2122 3658; x_wconf 85' lang='lat' dir='ltr'>editiones</span> <span class='ocrx_word' id='word_1_162' title='bbox 2185 3596 2337 3656; x_wconf 87' lang='lat' dir='ltr'>ante</span> <span class='ocrx_word' id='word_1_163' title='bbox 2399 3613 2540 3655; x_wconf 88' lang='lat' dir='ltr'>eam</span> 
     </span>
     <span class='ocr_line' id='line_1_20' title="bbox 337 3712 2539 3798; baseline -0.001 -20"><span class='ocrx_word' id='word_1_164' title='bbox 337 3714 700 3797; x_wconf 84' lang='lat' dir='ltr'>diuulgatas</span> <span class='ocrx_word' id='word_1_165' title='bbox 716 3765 732 3798; x_wconf 86' lang='lat'><strong>,</strong></span> <span class='ocrx_word' id='word_1_166' title='bbox 801 3715 999 3779; x_wconf 88' lang='lat' dir='ltr'>ueluti</span> <span class='ocrx_word' id='word_1_167' title='bbox 1059 3712 1430 3780; x_wconf 84' lang='lat' dir='ltr'>Gortianam</span> <span class='ocrx_word' id='word_1_168' title='bbox 1501 3713 1605 3779; x_wconf 87' lang='lat' dir='ltr'>uel</span> <span class='ocrx_word' id='word_1_169' title='bbox 1667 3712 2176 3779; x_wconf 87' lang='lat' dir='ltr'>Schaeferianam</span> <span class='ocrx_word' id='word_1_170' title='bbox 2224 3712 2539 3797; x_wconf 85' lang='lat' dir='ltr'>Gierigia-</span> 
     </span>
     <span class='ocr_line' id='line_1_21' title="bbox 338 3836 1807 3921; baseline 0.001 -21"><span class='ocrx_word' id='word_1_171' title='bbox 338 3857 570 3900; x_wconf 88' lang='lat' dir='ltr'>namue</span> <span class='ocrx_word' id='word_1_172' title='bbox 584 3882 601 3914; x_wconf 90' lang='lat'>‚</span> <span class='ocrx_word' id='word_1_173' title='bbox 650 3856 794 3900; x_wconf 90' lang='lat' dir='ltr'>cum</span> <span class='ocrx_word' id='word_1_174' title='bbox 842 3836 956 3900; x_wconf 89' lang='lat' dir='ltr'>illa</span> <span class='ocrx_word' id='word_1_175' title='bbox 1000 3836 1298 3902; x_wconf 88' lang='lat' dir='ltr'>Keiliana</span> <span class='ocrx_word' id='word_1_176' title='bbox 1342 3858 1807 3921; x_wconf 89' lang='lat' dir='ltr'>comparamus.</span> 
     </span>
    </p>

    <p class='ocr_par' dir='ltr' id='par_1_2' title="bbox 335 3932 2539 4648">
     <span class='ocr_line' id='line_1_22' title="bbox 423 3932 2538 4043; baseline -0 -22"><span class='ocrx_word' id='word_1_177' title='bbox 423 3932 688 4041; x_wconf 76' lang='lat' dir='ltr'>Aliquid</span> <span class='ocrx_word' id='word_1_178' title='bbox 748 3961 967 4023; x_wconf 83' lang='lat' dir='ltr'>tamen</span> <span class='ocrx_word' id='word_1_179' title='bbox 1027 3959 1171 4023; x_wconf 88' lang='lat' dir='ltr'>aliis</span> <span class='ocrx_word' id='word_1_180' title='bbox 1225 3963 1376 4043; x_wconf 89' lang='lat' dir='ltr'>post</span> <span class='ocrx_word' id='word_1_181' title='bbox 1420 3980 1554 4023; x_wconf 88' lang='lat' dir='ltr'>sese</span> <span class='ocrx_word' id='word_1_182' title='bbox 1600 3958 1927 4043; x_wconf 82' lang='lat' dir='ltr'>Epistulas</span> <span class='ocrx_word' id='word_1_183' title='bbox 1973 3957 2343 4022; x_wconf 88' lang='lat' dir='ltr'>tractaturis</span> <span class='ocrx_word' id='word_1_184' title='bbox 2388 3957 2538 4020; x_wconf 90' lang='lat' dir='ltr'>reli-</span> 
     </span>
     <span class='ocr_line' id='line_1_23' title="bbox 335 4076 2539 4165; baseline -0 -22"><span class='ocrx_word' id='word_1_185' title='bbox 335 4080 509 4143; x_wconf 90' lang='lat' dir='ltr'>ctum</span> <span class='ocrx_word' id='word_1_186' title='bbox 572 4100 706 4143; x_wconf 89' lang='lat' dir='ltr'>esse</span> <span class='ocrx_word' id='word_1_187' title='bbox 767 4102 807 4143; x_wconf 91' lang='lat' dir='ltr'>a</span> <span class='ocrx_word' id='word_1_188' title='bbox 867 4077 1027 4144; x_wconf 92' lang='lat' dir='ltr'>Viro</span> <span class='ocrx_word' id='word_1_189' title='bbox 1074 4080 1440 4145; x_wconf 87' lang='lat' dir='ltr'>doctissimo</span> <span class='ocrx_word' id='word_1_190' title='bbox 1490 4080 1697 4165; x_wconf 89' lang='lat' dir='ltr'>ipsum</span> <span class='ocrx_word' id='word_1_191' title='bbox 1749 4079 2010 4143; x_wconf 88' lang='lat' dir='ltr'>minime</span> <span class='ocrx_word' id='word_1_192' title='bbox 2056 4078 2248 4163; x_wconf 83' lang='lat' dir='ltr'>fugit.</span> <span class='ocrx_word' id='word_1_193' title='bbox 2314 4076 2539 4161; x_wconf 88' lang='lat' dir='ltr'>Neque</span> 
     </span>
     <span class='ocr_line' id='line_1_24' title="bbox 337 4199 2538 4285; baseline 0 -22"><span class='ocrx_word' id='word_1_194' title='bbox 337 4199 522 4264; x_wconf 90' lang='lat' dir='ltr'>aliter</span> <span class='ocrx_word' id='word_1_195' title='bbox 564 4200 632 4264; x_wconf 93' lang='lat' dir='ltr'>id</span> <span class='ocrx_word' id='word_1_196' title='bbox 679 4203 938 4285; x_wconf 87' lang='lat' dir='ltr'>poterat</span> <span class='ocrx_word' id='word_1_197' title='bbox 983 4200 1141 4266; x_wconf 92' lang='lat' dir='ltr'>fieri.</span> <span class='ocrx_word' id='word_1_198' title='bbox 1193 4200 1363 4266; x_wconf 87' lang='lat' dir='ltr'>Nam</span> <span class='ocrx_word' id='word_1_199' title='bbox 1412 4204 1485 4265; x_wconf 90' lang='lat' dir='ltr'>ut</span> <span class='ocrx_word' id='word_1_200' title='bbox 1531 4204 1774 4266; x_wconf 81' lang='lat' dir='ltr'>taceam</span> <span class='ocrx_word' id='word_1_201' title='bbox 1822 4202 1900 4265; x_wconf 89' lang='lat' dir='ltr'>de</span> <span class='ocrx_word' id='word_1_202' title='bbox 1944 4202 2024 4265; x_wconf 87' lang='lat' dir='ltr'>iis</span> <span class='ocrx_word' id='word_1_203' title='bbox 2070 4201 2227 4265; x_wconf 87' lang='lat' dir='ltr'>locis</span> <span class='ocrx_word' id='word_1_204' title='bbox 2247 4249 2261 4278; x_wconf 91' lang='lat'><strong>‚</strong></span> <span class='ocrx_word' id='word_1_205' title='bbox 2311 4200 2423 4284; x_wconf 89' lang='lat' dir='ltr'>qui</span> <span class='ocrx_word' id='word_1_206' title='bbox 2468 4202 2538 4264; x_wconf 97' lang='lat' dir='ltr'>in</span> 
     </span>
     <span class='ocr_line' id='line_1_25' title="bbox 336 4322 2537 4407; baseline 0 -22"><span class='ocrx_word' id='word_1_207' title='bbox 336 4322 582 4386; x_wconf 86' lang='lat' dir='ltr'>cunctis</span> <span class='ocrx_word' id='word_1_208' title='bbox 628 4342 789 4406; x_wconf 91' lang='lat' dir='ltr'>quos</span> <span class='ocrx_word' id='word_1_209' title='bbox 833 4323 1132 4387; x_wconf 88' lang='lat' dir='ltr'>nouimus</span> <span class='ocrx_word' id='word_1_210' title='bbox 1176 4322 1357 4387; x_wconf 87' lang='lat' dir='ltr'>libris</span> <span class='ocrx_word' id='word_1_211' title='bbox 1403 4344 1601 4387; x_wconf 89' lang='lat' dir='ltr'>manu</span> <span class='ocrx_word' id='word_1_212' title='bbox 1648 4323 1903 4407; x_wconf 87' lang='lat' dir='ltr'>scriptis</span> <span class='ocrx_word' id='word_1_213' title='bbox 1950 4344 2098 4387; x_wconf 91' lang='lat' dir='ltr'>cum</span> <span class='ocrx_word' id='word_1_214' title='bbox 2143 4322 2275 4386; x_wconf 90' lang='lat' dir='ltr'>sint</span> <span class='ocrx_word' id='word_1_215' title='bbox 2320 4325 2537 4406; x_wconf 89' lang='lat' dir='ltr'>aperte</span> 
     </span>
     <span class='ocr_line' id='line_1_26' title="bbox 335 4441 2535 4528; baseline 0 -23"><span class='ocrx_word' id='word_1_216' title='bbox 335 4441 654 4525; x_wconf 89' lang='lat' dir='ltr'>corrupti,</span> <span class='ocrx_word' id='word_1_217' title='bbox 717 4443 1199 4528; x_wconf 83' lang='lat' dir='ltr'>redintegrandi</span> <span class='ocrx_word' id='word_1_218' title='bbox 1247 4447 1403 4508; x_wconf 88' lang='lat' dir='ltr'>sunt</span> <span class='ocrx_word' id='word_1_219' title='bbox 1447 4465 1526 4508; x_wconf 87' lang='lat' dir='ltr'>ex</span> <span class='ocrx_word' id='word_1_220' title='bbox 1573 4443 1708 4508; x_wconf 89' lang='lat' dir='ltr'>sola</span> <span class='ocrx_word' id='word_1_221' title='bbox 1755 4448 1895 4507; x_wconf 86' lang='lat' dir='ltr'>arte</span> <span class='ocrx_word' id='word_1_222' title='bbox 1939 4443 2354 4507; x_wconf 88' lang='lat' dir='ltr'>coniecturali</span> <span class='ocrx_word' id='word_1_223' title='bbox 2404 4443 2535 4528; x_wconf 90' lang='lat' dir='ltr'>(cui</span> 
     </span>
     <span class='ocr_line' id='line_1_27' title="bbox 335 4563 2539 4648; baseline 0.001 -22"><span class='ocrx_word' id='word_1_224' title='bbox 335 4584 584 4647; x_wconf 89' lang='lat' dir='ltr'>semper</span> <span class='ocrx_word' id='word_1_225' title='bbox 647 4563 889 4648; x_wconf 88' lang='lat' dir='ltr'>aliquid</span> <span class='ocrx_word' id='word_1_226' title='bbox 950 4568 1188 4629; x_wconf 89' lang='lat' dir='ltr'>restare</span> <span class='ocrx_word' id='word_1_227' title='bbox 1249 4567 1570 4648; x_wconf 87' lang='lat' dir='ltr'>agendum</span> <span class='ocrx_word' id='word_1_228' title='bbox 1633 4564 1807 4629; x_wconf 90' lang='lat' dir='ltr'>haud</span> <span class='ocrx_word' id='word_1_229' title='bbox 1872 4566 1969 4628; x_wconf 88' lang='lat' dir='ltr'>est</span> <span class='ocrx_word' id='word_1_230' title='bbox 2030 4566 2201 4647; x_wconf 90' lang='lat' dir='ltr'>quod</span> <span class='ocrx_word' id='word_1_231' title='bbox 2248 4564 2539 4647; x_wconf 88' lang='lat' dir='ltr'>pluribus</span> 
     </span>
    </p>
   </div>
  </div>
 </body>
</html>
