3488 5564
1417 533 1498 596 21

447 739 480 782 e
521 716 719 783 Dacia
757 717 856 780 ad·
880 719 943 781 te
982 716 1209 782 missus
1249 716 1404 801 [est]
1422 765 1440 799 ,
1479 717 1648 780 notis
1672 717 2062 801 perscriptus
2087 739 2230 782 cum
2255 715 2558 781 uetustis-

445 839 654 921 simis,
729 820 867 903 tum
940 840 1148 902 aetate
1197 841 1438 902 nostra
1507 838 1835 902 inusitatis
1897 843 2087 922 atque
2169 837 2520 922 incognitis
2538 885 2557 921 ‚

446 980 732 1044 quaeque
791 958 920 1043 legi
980 978 1163 1043 posse
1227 957 1402 1023 nullo
1465 959 1658 1044 plane
1718 961 1907 1024 modo
1954 959 2340 1024 uidebantur
2367 1003 2559 1027 .....

443 1079 604 1144 Erat
664 1082 876 1145 autem
935 1079 990 1144 is
1035 1078 1291 1163 quidem
1331 1071 1500 1144 'liber
1547 1078 1778 1164 Higini
1826 1079 2430 1146 commentariorum
2478 1078 2556 1142 de

445 1200 757 1267 sideribus
825 1204 1135 1285 quaedam
1206 1201 1483 1285 portio”.
1571 1200 1797 1285 Neque
1878 1222 2031 1265 uero
2099 1201 2170 1264 in
2239 1197 2559 1264 Vaticana

449 1327 659 1388 exstat
673 1323 781 1387 ille
803 1322 964 1387 liber
987 1343 1192 1406 neque
1216 1344 1254 1386 a
1279 1319 1622 1387 Schmitzio
1645 1324 1939 1407 quamuis
1962 1321 2193 1387 acriter
2216 1323 2561 1405 quaerente

448 1444 644 1511 ullum
731 1444 865 1510 eius
931 1445 1276 1528 uestigium
1345 1449 1442 1508 est
1510 1448 1853 1529 repertum.
1926 1442 2133 1520 Quare
2205 1442 2394 1507 ualde
2463 1443 2562 1506 est

457 1567 717 1631 dubium
782 1570 998 1631 utrum
1062 1565 1209 1630 talis
1271 1567 1465 1630 codex
1515 1565 1669 1629 olim
1716 1587 1939 1630 reuera
1987 1564 2304 1629 exstiterit
2351 1585 2437 1628 an
2482 1566 2561 1627 de

449 1689 620 1753 notis
665 1689 977 1753 errauerit
1021 1687 1318 1755 BembuS.

451 1932 740 2016 Apparet
803 1951 956 2016 ergo
1016 1935 1412 2015 quantopere
1473 1931 1607 1994 sint
1655 1952 1799 1994 rara
1847 1930 2140 2013 exempla
2186 1929 2395 2015 operis
2442 1927 2562 1992 ali-

359 2055 536 2119 cuius
584 2054 816 2118 ueteris
863 2074 1026 2117 saec.
1074 2052 1329 2118 IX—-X
1377 2053 1548 2117 notis
1586 2051 1952 2116 Tironianis
1990 2051 2309 2136 descripti.
2356 2048 2562 2116 Simul

357 2195 508 2240 uero
557 2175 844 2239 uidemus
889 2174 1059 2238 inter
1103 2195 1308 2259 pauca
1351 2173 1463 2237 illa
1508 2174 1872 2257 fragmenta
1919 2173 2103 2237 nobis
2146 2193 2279 2236 esse
2306 2172 2560 2236 seruata

292 2279 298 2286 ⁸
358 2299 667 2382 quaedam
706 2318 866 2381 quae
904 2297 1056 2360 licet
1091 2297 1372 2381 ipsarum
1399 2279 1700 2361 notarum
1725 2296 1939 2359 studio
1964 2296 2096 2360 sint
2120 2294 2307 2359 utilia
2329 2342 2344 2372 ,
2374 2294 2557 2358 nobis

357 2423 575 2483 tamen
614 2419 697 2483 ob
737 2418 1103 2503 argumenti
1127 2420 1423 2482 naturam
1449 2437 1486 2480 a
1509 2417 1742 2481 litteris
1768 2417 2005 2481 nostris
2031 2416 2308 2480 alienam
2332 2436 2558 2501 parum

354 2541 628 2625 prosint.
698 2538 924 2624 Neque
991 2539 1224 2603 iniuste
1292 2538 1582 2623 queritur
1650 2537 2032 2622 Koppius
2094 2538 2161 2600 in
2225 2537 2559 2621 Palaeogr.

355 2663 495 2726 crit.
570 2661 633 2739 Ι,
706 2682 855 2745 pag.
924 2662 1053 2725 326
1116 2660 1408 2744 plurimis
1469 2660 1649 2724 libris
1712 2658 2077 2723 Tironianis
2124 2679 2198 2722 ea
2244 2657 2562 2722 contineri

354 2806 520 2869 quae
558 2804 938 2868 cognoscere
979 2786 1310 2847 doctorum
1348 2781 1632 2846 uirorum
1672 2780 1845 2845 haud
1889 2780 2162 2845 multum
2199 2779 2457 2845 intersit
2483 2776 2558 2865 ¹).

357 2904 563 2969 Valde
623 2906 954 2988 acceptum
1014 2904 1216 2988 igitur
1261 2924 1395 2968 esse
1439 2902 1629 2967 debet
1672 2900 1795 2967 hoc
1840 2901 2271 2986 fragmentum
2321 2901 2564 2985 epistu-

352 3026 558 3090 larum
603 3025 863 3090 Plinii
908 3027 978 3089 in
1025 3023 1427 3089 Bibliotheca
1473 3027 1695 3088 nostra
1739 3024 2095 3088 inuentum.
2143 3023 2563 3088 Rarissimum

353 3148 526 3211 enim
587 3147 679 3211 ibi
743 3146 1051 3212 habemus
1116 3146 1474 3231 exemplum
1528 3147 1701 3230 quod
1751 3145 2032 3209 ostendit
2078 3166 2239 3229 opus
2283 3145 2562 3210 auctoris

353 3269 620 3334 alicuius
684 3294 714 3330 »
729 3268 1016 3334 classici”
1077 3268 1483 3352 potissimum
1546 3267 1701 3331 dicti
1767 3266 1937 3331 notis
1999 3288 2133 3331 esse
2194 3269 2524 3331 exaratum
2543 3314 2559 3344 ‚
2606 3268 2612 3274 ’

351 3411 561 3475 neque
598 3390 800 3454 ullum
842 3389 1014 3454 aliud
1057 3389 1350 3454 nouimus
1387 3409 1546 3472 opus
1585 3390 1719 3452 tam
1756 3390 2081 3453 uetustum
2118 3388 2277 3473 (uno
2302 3391 2563 3472 excepto

354 3511 697 3577 Octauiani
727 3512 839 3576 illo
881 3532 1082 3596 paruo
1122 3510 1605 3596 Epigrammate
1644 3510 1727 3574 ab
1767 3507 2043 3595 Hageno
2074 3510 2143 3573 in
2185 3509 2386 3575 lucem
2413 3530 2565 3594 pro-

355 3638 560 3698 tracto
587 3632 638 3720 ⁹)
687 3655 726 3697 a
772 3633 1040 3697 notariis
1091 3632 1194 3697 uel
1241 3654 1317 3696 ex
1366 3635 1548 3716 parte
1596 3632 1810 3715 aliqua
1856 3630 2265 3714 descriptum.

444 3753 623 3818 Idem
684 3757 896 3819 autem
956 3753 1252 3818 librarius
1298 3753 1410 3837 qui
1465 3752 1622 3817 hoce
1670 3751 1857 3817 nobis
1902 3752 2186 3816 seruauit
2229 3751 2560 3836 fragmen-

431 3976 484 4039 1)
535 3975 770 4025 Similiter
818 3975 1008 4025 locutus
1056 3977 1128 4023 eat
1180 3971 1455 4039 nuperrime
1504 3974 1560 4022 G.
1615 3974 1672 4021 M
1692 3988 1718 4021 c
1734 3988 1767 4035 y
1785 3988 1810 4021 e
1831 3988 1857 4021 r
1899 3972 2161 4038 Spirensis,
2214 3972 2303 4021 Die
2351 3972 2575 4021 Berliner

346 4059 582 4107 Centonea
611 4058 696 4106 der
723 4058 908 4107 Laudes
936 4057 1011 4106 dei
1041 4057 1124 4105 des
1155 4056 1440 4105 Dracontius
1467 4055 1601 4120 [cum
1630 4055 1685 4103 II
1702 4055 1880 4104 tabulis
1899 4059 1998 4105 not.
2018 4052 2205 4123 Τίτου]
2230 4054 2575 4121 (Sitzungsber.

342 4142 387 4190 d.
421 4140 533 4190 k6n.
571 4156 748 4205 prcuss.
787 4140 938 4190 Akad.
977 4140 1022 4188 d.
1060 4139 1202 4191 Wiaa.
1242 4140 1399 4197 1890,
1437 4138 1552 4193 XV,
1585 4138 1629 4187 d.
1664 4139 1728 4186 13
1759 4153 1821 4187 m.
1842 4138 2023 4203 Mart.)
2041 4154 2149 4204 pag.
2172 4139 2298 4188 293:
2341 4138 2448 4187 nIm
2469 4137 2578 4187 All-

343 4223 590 4288 gemeinen
638 4223 831 4273 wurden
881 4222 958 4271 die
1009 4223 1199 4271 Noten.
1225 4260 1234 4269 .
1261 4260 1270 4270 .
1294 4259 1334 4269 ..
1391 4236 1484 4270 nur
1533 4236 1592 4270 zu
1627 4220 1911 4286 ephemeron
1949 4221 2135 4285 Dingen
2169 4221 2445 4270 verwendet
2479 4221 2578 4270 und

344 4305 577 4355 aelten
638 4306 806 4355 wird
869 4321 1011 4354 man
1073 4305 1278 4354 einen
1330 4304 1714 4368 wichtigen
1770 4303 2058 4353 Textin
2120 4303 2580 4352 tironischen

345 4359 573 4437 N⁸oten
619 4387 1088 4452 geschrieben
1137 4384 1435 4435 finden”.

419 4472 475 4535 2)
522 4471 651 4519 Nam
694 4470 814 4520 illud
861 4470 1153 4534 epigramma
1202 4486 1297 4519 non
1345 4468 1484 4517 medii
1532 4468 1638 4517 aeui
1683 4469 1764 4517 sed
1810 4468 1997 4531 antiqui
2031 4483 2129 4517 esse
2149 4506 2161 4525 ,
2197 4468 2347 4517 immo
2384 4466 2442 4517 ab
2475 4468 2579 4534 ipao

346 4553 608 4602 Octauiano
658 4553 951 4612 confectum,
986 4553 1092 4601 iure
1125 4579 1191 4589 —-
1231 4554 1286 4600 nt
1321 4550 1439 4600 mihi
1474 4550 1668 4613 quidem
1705 4549 1901 4599 uidetur
1936 4578 2002 4586 —
2036 4551 2310 4599 statuerunt
2344 4550 2395 4599 Η
2413 4566 2440 4598 a
2456 4565 2488 4614 g
2504 4565 2530 4598 e
2548 4565 2581 4599 n

349 4638 398 4685 ct
447 4635 828 4694 Baehrens,
864 4634 1007 4683 11.11.
