3488 5564
1335 1353 1408 1418 L.
1458 1352 1522 1418 S.

429 1563 982 1649 Circumspicienti
1041 1565 1200 1629 mihi
1263 1565 1418 1650 quid
1463 1566 1867 1651 potissimum
1914 1565 2119 1632 Vobis
2134 1614 2150 1646 ,
2202 1565 2533 1633 Commili-

327 1689 510 1750 tones
595 1686 1123 1772 aestimatissimi,
1198 1687 1488 1752 offerrem
1557 1690 1631 1751 ut
1699 1690 1781 1752 ad
1850 1687 2531 1752 exercitationes

328 1807 1105 1893 palaeographicae
1172 1807 1294 1872 hoc
1363 1829 1534 1874 nouo
1603 1829 1775 1873 anno
1845 1808 2203 1874 academico
2273 1809 2533 1874 iamiam

327 1927 674 2013 incipiente
733 1929 1182 1994 instaurandas
1243 1928 1499 2013 publice
1558 1927 1695 1994 Vos
1760 1928 2101 1994 inuitarem
2122 1976 2139 2008 ‚
2188 1929 2357 1994 ultro
2404 1928 2534 1994 fere

327 2049 397 2112 in
443 2052 722 2114 mentem
768 2050 950 2114 uenit
993 2049 1459 2134 fragmenti
1503 2049 1770 2114 alicuius
1810 2047 1881 2115 O.
1932 2049 2205 2114 Plinii
2251 2047 2531 2115 Caeci-

328 2169 429 2233 lii
489 2169 653 2236 Sec.
718 2170 1285 2255 epistularum
1345 2171 1581 2236 notis
1641 2168 2142 2236 Tironianis
2186 2170 2529 2236 maximam

327 2295 576 2376 partem
637 2292 938 2377 descripti
957 2339 974 2370 ‚
1036 2293 1208 2376 quod
1267 2291 1334 2356 in
1398 2290 1539 2376 ipsa
1600 2290 1721 2356 hac
1786 2291 2188 2356 Bibliotheca
2232 2290 2529 2356 Leidensi

217 2411 224 2418 ’
326 2433 530 2496 nuper
574 2412 968 2478 inueneram.
1013 2411 1270 2477 Etenim
1321 2433 1451 2477 non
1489 2412 1698 2477 solum
1737 2414 2003 2498 propter
2040 2392 2337 2478 inclitum
2379 2412 2532 2478 Pli-

327 2531 447 2596 nii
510 2553 745 2597 nomen
809 2534 1075 2617 dignum
1122 2532 1286 2598 illud
1328 2533 1692 2599 iudicabam
1739 2533 1911 2617 quod
1958 2531 2308 2598 Vobiscum
2354 2555 2531 2599 com-

323 2653 710 2718 municarem
728 2706 744 2739 ,
810 2675 1035 2719 uerum
1097 2655 1290 2720 etiam
1355 2654 1436 2720 ob
1498 2654 1672 2739 ipsas
1738 2655 1896 2719 artis
1960 2653 2529 2740 palaeographicae

322 2775 601 2841 rationes
617 2822 634 2854 ,
684 2777 785 2840 cui
831 2775 942 2861 qui
988 2775 1346 2841 accuratius
1392 2775 1612 2861 paullo
1661 2775 2052 2840 incumbunt
2070 2823 2087 2854 ‚
2131 2778 2319 2841 notas
2358 2775 2529 2843 Tiro-

325 2896 581 2982 nianas,
669 2918 942 2981 quarum
1025 2897 1343 2982 specimen
1411 2895 1615 2962 Vobis
1687 2897 1794 2962 hic
1864 2917 2155 2983 propono
2176 2944 2192 2977 ,
2264 2897 2528 2963 minime

324 3018 559 3083 debent
604 3018 962 3103 neglegere.
1009 3017 1180 3083 Nam
1225 3023 1299 3084 ut
1343 3021 1590 3083 taceam
1638 3019 1715 3083 de
1761 3018 1976 3084 fructu
2022 3038 2260 3103 magno
2298 3019 2410 3103 qui
2448 3041 2525 3084 ex

318 3139 448 3204 illis
484 3139 825 3225 diligenter
863 3141 1271 3225 pertractatis
1302 3141 1601 3205 uniuerso
1626 3139 1993 3205 litterarum
2016 3140 2229 3236 studio
2253 3141 2526 3227 percipi-

321 3264 430 3325 tur
476 3260 548 3325 in
593 3261 1073 3346 quaestionibus
1121 3261 1553 3346 grammaticis
1593 3262 1869 3326 maxime
1911 3265 1976 3326 et
2014 3260 2530 3347 orthographicis

323 3380 487 3445 iuste
548 3381 905 3447 soluendis:
968 3382 1110 3468 ipsa
1166 3382 1400 3448 studia-
1425 3382 1964 3467 palaeographica
2011 3383 2268 3448 illarum
2318 3382 2532 3467 aliqua

322 3502 556 3566 notitia
624 3503 884 3567 omnino
951 3503 1284 3588 indigent,
1357 3506 1431 3568 ut
1496 3504 1624 3567 iam
1687 3504 1838 3568 inde
1902 3525 2001 3571 ex.
2066 3524 2165 3588 gr.
2229 3508 2495 3590 apparet
2514 3551 2531 3583 ‚
2632 3503 2636 3507 ’

320 3625 490 3709 quod
537 3625 851 3690 nonnulla
899 3626 1277 3711 compendia
1321 3626 1390 3690 in
1440 3647 1827 3711 unoquoque
1878 3624 2008 3690 fere
2058 3625 2274 3691 codice
2299 3625 2532 3692 Latino

320 3746 558 3811 usitata
603 3768 680 3812 ex
726 3745 1088 3811 Tironianis
1135 3747 1381 3812 ducunt
1428 3746 1785 3833 originem;
1835 3769 2056 3812 earum
2101 3767 2250 3812 uero
2294 3750 2531 3812 natura

320 3872 650 3952 perspecta
695 3866 879 3932 facile
918 3867 1355 3952 intellegimus
1394 3889 1555 3952 quae
1595 3868 1900 3953 explicari
1940 3868 2126 3933 aliter
2172 3888 2306 3932 non
2344 3870 2529 3953 pote-

319 3991 489 4054 rant.
537 3988 672 4055 Nec
719 3989 952 4053 desunt
992 3988 1278 4074 profecto
1328 4009 1521 4075 opera
1567 3989 1837 4073 antiqua
1882 3988 2276 4073 cognituque
2323 3989 2525 4074 digna

322 4131 484 4194 quae
542 4110 645 4175 uel
688 4111 944 4195 integra
991 4110 1092 4175 uel
1137 4110 1354 4196 aliqua
1400 4111 1628 4176 saltem
1675 4133 1756 4175 ex
1800 4114 1983 4196 parte
2028 4110 2129 4175 his
2177 4110 2348 4175 notis
2395 4111 2527 4175 sint

323 4231 661 4316 descripta.

413 4349 653 4427 Quodsi
720 4356 932 4417 autem
994 4353 1147 4419 artis
1204 4351 1771 4438 palaeographicae
1832 4352 1994 4417 fines
2054 4352 2272 4437 paullo
2332 4352 2523 4418 latius

322 4472 698 4558 proferimus
745 4496 951 4559 neque
996 4475 1065 4539 in
1107 4474 1522 4539 obseruandis
1562 4474 1915 4558 scripturae
1958 4475 2211 4538 tantum
2254 4472 2520 4538 diuersi-

320 4593 563 4659 tatibus
601 4596 893 4659 contenti
911 4642 927 4675 ,
968 4598 1050 4660 ad
1095 4595 1363 4659 eandem
1402 4595 1756 4660 iudicamus
1778 4594 2097 4679 pertinere
2122 4593 2339 4658 omnia
2359 4615 2523 4678 quae
