3488 5564
1914 481 2001 545 24

849 668 990 732 dest
1055 666 1226 751 quod
1295 665 1449 730 olim
1523 667 1619 730 est
1690 664 2101 729 obseruatum
2169 663 2425 729 labente
2494 665 2727 729 sensim
2796 663 3051 728 illarum

849 787 1059 853 studio
1123 787 1437 852 uocabula
1494 786 1805 871 quaedam
1870 785 2058 877 plene
2122 785 2360 870 scripta
2422 785 2591 850 notis
2636 784 3058 850 intermisceri

851 931 986 974 esse
1046 911 1307 992 coepta3
1370 929 1533 993 opus
1600 908 1804 992 igitur
1851 907 2022 972 notis
2066 907 2491 992 perscriptum
2540 928 2613 972 eo
2661 929 2795 972 esse
2838 928 3060 972 recen-

851 1030 982 1095 tius
1027 1050 1153 1115 quo
1200 1029 1385 1113 plura
1429 1029 1744 1094 uocabula
1791 1028 1981 1113 plene
2027 1028 2240 1113 posita
2288 1027 2635 1093 contineat.
2709 1028 2971 1094 Etenim
2993 1030 3064 1094 in

855 1150 1186 1235 permultis
1246 1148 1568 1234 opusculis
1629 1148 1751 1213 hac
1812 1151 2038 1214 nostra
2102 1151 2312 1214 aetate
2379 1171 2417 1212 a
2482 1147 2653 1213 Guil.
2717 1148 3063 1215 Schmitzio

862 1271 1135 1336 maxime
1181 1270 1368 1335 editis
1411 1270 1698 1334 uidemus
1742 1270 1899 1334 talia
1944 1268 2257 1334 uocabula
2302 1269 2429 1334 iam
2480 1269 2664 1334 ualde
2688 1271 3061 1356 antiquitus,

860 1392 1034 1456 haud
1082 1391 1272 1456 dubie
1318 1413 1470 1456 uero
1514 1393 1642 1455 iam
1693 1413 1867 1456 nono
1919 1412 2078 1455 saec.
2102 1439 2117 1470 ,
2169 1391 2339 1455 notin
2386 1391 2587 1454 mixta
2612 1413 3067 1475 saepenumero

862 1513 1073 1578 fuisse.
1143 1511 1567 1589 Quamobrem
1632 1513 1803 1597 quod
1875 1514 2095 1577 eodem
2143 1510 2254 1576 illo
2303 1511 2490 1576 modo
2536 1512 2924 1596 descriptum
2972 1519 3068 1578 est

864 1636 1299 1719 fragmentum
1365 1636 1654 1698 nostrum
1673 1681 1688 1712 ‚
1757 1655 1889 1697 non
1950 1637 2166 1697 tamen
2226 1633 2376 1697 inde
2422 1638 2868 1717 argumentum
2913 1635 3065 1699 licet

864 1753 1117 1819 haurire
1186 1758 1267 1819 ad
1337 1755 1468 1819 eius
1538 1756 1810 1818 aetatem
1884 1754 2238 1819 accuratius
2307 1754 2754 1821 definiendam.
2840 1755 3068 1821 Tutius

868 1897 1019 1974 uero
1080 1877 1149 1941 id
1195 1878 1409 1962 potest
1470 1876 1607 1941 fieri
1679 1898 1756 1940 ex
1801 1877 1955 1960 ipsis
2001 1876 2189 1961 plene
2237 1876 2489 1960 scriptis
2538 1875 2861 1941 uocabulis
2906 1899 3070 1961 quae

866 1998 921 2098 si
967 2019 1101 2062 non
1149 2000 1305 2064 noni
1350 2001 1500 2063 sunt
1543 1999 1806 2076 saeculi,
1854 2002 2023 2062 certe
2065 1999 2333 2062 ineunte
2378 2018 2535 2062 saec.
2576 1998 2819 2062 decimo
2858 2020 3071 2063 recen-

892 2120 1031 2183 iora
1077 2140 1212 2185 esse
1261 2123 1604 2203 nequeunt.

955 2237 1116 2304 Oum
1181 2244 1392 2306 autem
1456 2263 1560 2306 eas
1623 2244 1811 2305 notas
1882 2243 2018 2304 arte
2080 2239 2593 2325 photographica
2638 2238 2912 2304 fideliter
2959 2263 3069 2305 ex-

862 2383 1112 2446 pressas
1172 2361 1275 2427 hic
1337 2382 1625 2447 propono
1644 2409 1659 2440 ‚
1725 2362 1880 2426 uiris
1944 2361 2150 2426 doctis
2213 2361 2323 2446 qui
2388 2360 2625 2425 talibus
2695 2361 2921 2426 studiis
2967 2362 3071 2426 in-

861 2483 1206 2576 cumbunt,
1257 2483 1430 2547 haud
1476 2484 1807 2567 ingratum
1855 2482 1921 2546 id
1968 2482 2105 2547 fore
2152 2482 2423 2550 confido,
2474 2482 2869 2567 Quamquam
2895 2485 3066 2548 enim

860 2603 1073 2689 longe‘
1115 2603 1418 2669 absumus
1479 2605 1667 2669 hodie
1729 2604 1811 2668 ab
1883 2604 2254 2689 ignorantia
2300 2604 2473 2668 illius
2520 2604 2749 2668 aetatis
2795 2626 2923 2689 qua
2969 2626 3063 2668 ex.

861 2745 960 2811 gr.
1007 2730 1086 2793 de
1132 2726 1345 2793 codice
1392 2727 1668 2812 quodam
1713 2724 2063 2792 'fironiano
2111 2726 2475 2792 dicebatur:
2526 2726 2683 2791 »ubi
2706 2728 2857 2791 sunt
2880 2728 3071 2790 notae

862 2849 1175 2914 scribendi
1236 2870 1494 2932 prorsus
1555 2847 1862 2932 ignotae”
1913 2849 2013 2933 (ut
2057 2848 2127 2911 in
2176 2847 2471 2931 catalogo
2518 2845 2688 2915 Bibl.
2738 2846 3063 2911 Leidensis

862 2991 964 3036 an.
1020 2968 1226 3052 1716,
1276 2990 1422 3053 pag.
1476 2968 1656 3050 375),
1703 2968 1808 3032 uel
1856 2967 2239 3033 Psalterium
2287 2968 2609 3052 quoddam
2649 2968 3069 3033 Tironianum

848 3091 1376 3156 confundebatur
1445 3112 1589 3157 cum
1658 3090 1824 3155 libro
1896 3090 2121 3174 lingua
2189 3092 2255 3153 et
2321 3089 2554 3154 litteris
2598 3090 2785 3155 Arm
2804 3089 3069 3153 enicis

861 3213 1098 3297 scripto
1129 3214 1200 3297 ¹),
1270 3213 1559 3277 nondum
1627 3216 1847 3277 tamen
1916 3233 1989 3276 eo
2060 3214 2157 3275 est
2214 3214 2597 3294 peruentum
2661 3212 2737 3274 ut
2781 3210 3070 3274 omnium

859 3337 1178 3419 quotquot
1235 3336 1492 3398 exstant
1551 3337 1849 3397 notarum
1913 3336 2014 3396 sat
2068 3331 2287 3397 fideles
2348 3332 2481 3396 sint
2540 3331 2858 3396 exhibitae
2902 3332 3067 3395 ima-

854 3455 1054 3541 gines.
1123 3453 1194 3520 Si
1237 3477 1400 3540 quae
1445 3477 1595 3520 uero
1645 3476 1851 3520 nouae
1877 3454 2111 3519 alicubi
2135 3454 2567 3539 reperiuntur,
2594 3476 2830 3519 nouam
2856 3476 3064 3539 quan-

854 3577 1001 3641 dam
1049 3576 1396 3641 utilitatem
1442 3576 1573 3641 fere
1617 3598 1868 3661 semper
1913 3575 2214 3640 adferunt
2263 3585 2328 3639 et
2374 3576 2549 3640 editu
2576 3576 2811 3660 dignae
2840 3574 3063 3639 merito

849 3698 1230 3765 iudicantur.
1322 3697 1547 3783 Neque
1641 3699 1848 3783 magis
1934 3719 2095 3782 opus
2182 3698 2305 3762 erit
2388 3698 2610 3762 multis
2697 3696 3065 3781 praedicare

855 3820 1133 3886 fructum
1158 3840 1464 3905 magnum
1489 3821 1600 3904 qui
1625 3841 1659 3884 e
1684 3820 1856 3884 notis
1882 3819 2254 3904 diligentius
2280 3818 2686 3904 pertractatis
2709 3817 3062 3902 percipitur

855 3941 1084 4007 studiis
1129 3942 1491 4006 litterarum
1512 3989 1527 4018 ‚
1577 3941 2011 4025 grammaticis
2056 3939 2466 4025 praesertim,
2511 3938 3025 4023 orthographicis
3044 3987 3061 4017 ,

856 4062 1426 4147 lexicographicin.·
1502 4060 1759 4127 Dudum
1832 4062 2002 4127 enim
2072 4061 2457 4126 Ritschelius
2479 4108 2494 4139 ‚
2566 4061 2843 4126 maxime
2912 4082 3061 4125 uero

858 4182 1028 4250 Guil.
1095 4181 1475 4248 Schmitzius
1537 4183 1671 4248 eius
1731 4182 2080 4268 discipulus
2136 4181 2439 4266 exemplis
2500 4180 2839 4246 luculentis
2887 4202 3061 4246 com-

855 4305 1216 4390 probarunt
1285 4304 1676 4369 uberrimum
1736 4303 1911 4368 hunc
1972 4324 2107 4367 esse
2176 4302 2426 4367 fontem
2492 4323 2611 4366 nec
2672 4302 2809 4367 sine
2873 4302 3060 4386 graui

932 4498 988 4563 1)
1019 4498 1097 4547 cf.
1132 4497 1218 4545 Io.
1256 4494 1685 4569 Cannegiete
1705 4510 1756 4553 r,
1795 4493 2076 4557 Disquiaitio
2110 4494 2167 4542 de
2202 4493 2328 4542 notis
2362 4495 2411 4542 et
2448 4492 2581 4557 siglis
2616 4492 2691 4557 (in
2708 4493 2931 4542 Eiusdem
2950 4492 3065 4542 edit.

848 4580 928 4629 Vl
946 4579 1142 4646 piani
1187 4578 1358 4642 fragm.
1391 4576 1501 4626 libri
1538 4577 1659 4641 sing.
1692 4576 1995 4641 regularum,
2034 4576 2241 4625 Traiecti
2278 4577 2337 4625 ad
2372 4576 2555 4632 Rhen.,
2593 4576 2775 4639 1768),
2811 4592 2919 4642 pag.
2953 4576 3071 4629 298.
