3488 5564
1434 546 1519 610 27

367 749 522 792 sum
594 729 810 791 tamen
874 726 1113 812 Koppii
1171 727 1386 811 potius
1447 726 1725 792 Lexioon
1788 728 2119 792 citandum
2186 728 2371 806 duxi,
2434 751 2581 793 oum

365 847 501 914 hoe
549 848 635 913 sit
678 848 832 913 satis
878 848 1325 933 peruulgatum
1347 896 1362 926 ‚
1409 849 1504 912 illi
1552 869 1699 942 uero
1748 848 1918 913 haud
1964 849 2058 912 ita
2104 849 2290 914 facile
2336 850 2583 934 possint

365 969 665 1054 consuli,
714 970 949 1055 quippe
987 970 1095 1054 qui
1135 970 1281 1034 sint·
1303 969 1458 1034 editi
1497 970 1568 1034 in
1606 970 2081 1035 commentariis
2118 971 2579 1057 taohygraphi-

365 1090 464 1155 eis
533 1090 1540 1177 »Panstenographioon”
1604 1091 1701 1176 (Ι,
1764 1093 1975 1174 3-4,
2027 1113 2130 1158 an.
2188 1092 2418 1179 1874),
2470 1093 2582 1176 qui

361 1212 436 1276 in
513 1213 736 1277 multis
799 1213 1213 1278 Bibliothecis
1270 1213 1543 1299 publicis
1606 1216 1873 1292 desunt,
1936 1214 2005 1279 in
2070 1217 2294 1279 nostra
2352 1215 2582 1279 saltem

363 1335 590 1418 patria
672 1333 932 1399 nonnisi
1006 1356 1148 1398 raro
1219 1334 1561 1399 admodum
1630 1336 2050 1420 reperiuntur.
2119 1333 2327 1410 Quare
2397 1341 2581 1400 notas

364 1455 696 1520 reuocabo
764 1455 846 1519 ad
917 1454 1153 1539 Koppii
1222 1454 1501 1520 Lexioon
1533 1454 1578 1534 1)
1643 1456 2027 1541 ubicumque
2095 1456 2255 1522 illud
2328 1456 2583 1521 uidetur

369 1575 700 1660 sufficere;
748 1576 818 1641 in
864 1577 943 1640 iis
992 1597 1141 1642 uero
1189 1598 1350 1661 quae
1396 1576 1630 1642 omissa
1670 1577 1764 1641 ibi
1803 1582 1958 1642 sunt
1992 1582 2105 1643 aut
2140 1579 2353 1643 minus
2391 1600 2579 1644 aoeu-

367 1702 516 1763 rate
587 1697 871 1762 exhibita
893 1745 908 1774 ‚
979 1699 1062 1761 ad
1131 1695 1458 1762 Schmitzii
1527 1698 1927 1783 aliorumque
1994 1699 2193 1764 libros
2265 1700 2581 1784 relegabO.

369 1821 532 1906 Ipsa
571 1823 784 1885 autem
824 1823 1121 1883 notarum
1163 1819 1288 1882 ele
1306 1840 1368 1881 m
1389 1822 1580 1883 enta
1618 1819 1846 1884 litteris
1870 1820 2169 1886 indicabo
2197 1821 2579 1898 maiusculiS‚

369 1941 611 2028 quibus
678 1943 1024 2026 praeeunte
1081 1939 1338 2025 Koppio
1402 1940 1650 2004 uncinis
1711 1941 1995 2007 inclusae
2056 1943 2376 2007 addentur
2420 1965 2583 2027 quae

368 2062 602 2127 itidem
664 2062 732 2128 in
796 2061 924 2125 illis
985 2082 1118 2125 non
1182 2065 1360 2125 »tam
1407 2083 1700 2145 expresse
1743 2061 2146 2146 significatae
2190 2068 2344 2128 sunt
2389 2086 2582 2149 quam

367 2187 490 2248 aut
534 2183 764 2249 tectius
811 2182 1383 2266 subobscuriusque
1429 2185 1542 2246 aut
1588 2183 1874 2266 apertius
1922 2182 2239 2249 Notarum
2282 2186 2583 2276 ductibus

367 2306 715 2371 sublucent
738 2305 838 2369 uel
863 2303 1166 2368 uidentur
1190 2303 1414 2368 saltem
1441 2303 1815 2369 sublucere'’
1841 2303 2198 2392 (Schmitz).
2248 2305 2302 2370 T
2318 2307 2442 2370 itu
2460 2307 2484 2370 l
2501 2329 2583 2371 as

369 2447 530 2492 uero
575 2425 711 2490 siue
757 2427 944 2490 notas
991 2424 1328 2490 auxiliares
1367 2446 1531 2509 quae
1569 2424 1766 2488 uariis
1804 2424 2008 2488 modis
2046 2425 2401 2510 adscriptae
2432 2429 2587 2491 sunt

370 2547 534 2633 ipsis
599 2545 769 2611 notis
832 2547 1087 2631 proprie
1149 2545 1237 2610 sio
1300 2546 1486 2610 dietis
1533 2548 1600 2609 et
1643 2546 1724 2609 ad
1770 2545 2253 2611 terminationes
2301 2547 2579 2610 uocabu-

371 2669 588 2734 lorum
668 2668 800 2732 fere
882 2689 1102 2732 omnes
1184 2669 1513 2753 spectant,
1600 2669 1877 2732 eodem
1950 2667 2182 2731 modo
2252 2667 2581 2732 solutas

369 2791 608 2856 litteris
651 2791 962 2856 inclinatis
1005 2809 1377 2874 proponam.
1972 2775 1980 2784 ’

456 3016 514 3079 1)
562 3013 767 3063 Numeri
811 3013 934 3061 nude
973 3010 1117 3071 positi
1151 3010 1348 3076 paginas
1381 3009 1593 3058 indicant
1627 3007 1807 3073 Koppii
1840 3007 1997 3057 Lexiei
2031 3008 2306 3070 Tironiaui,
2342 3011 2588 3076 Palaeogr.

363 3098 490 3148 crit.
529 3101 645 3147 tom.
688 3097 756 3146 [1.
