3488 5564
1484 519 1524 582 9

393 700 763 766 iamdudum
809 703 1021 766 essent
1065 703 1370 784 suspicati
1416 704 1482 765 et
1526 701 1668 780 alii,
1695 702 2234 787 comprobassent
2272 682 2424 766 uero
2446 723 2601 785 prae

394 825 622 889 ceteris
680 823 1094 889 Delislius
1159 824 1484 889 Parisinus
1547 828 1613 888 et
1673 801 2104 890 V'illarius
2155 823 2595 905 Florentinus‚

392 944 620 1009 Italiae
666 945 1125 1029 gubernatores
1173 947 1250 1009 de
1295 945 1540 1029 patriae
1588 945 1835 1010 honore
1880 945 2137 1010 solliciti
2184 965 2404 1008 omnes
2451 945 2598 1008 illos

391 1065 587 1130 libros
665 1087 867 1151 quos
952 1067 1035 1129 in
1119 1066 1383 1131 Italia
1455 1071 1706 1131 antea
1779 1067 2047 1131 fuisse
2118 1069 2596 1145 constaret,

391 1187 623 1272 grandi
681 1188 952 1273 pecunia
1009 1188 1091 1252 ab
1155 1187 1633 1252 Ashburnhami
1695 1187 1873 1255 Com.
1926 1187 2061 1252 filio
2111 1187 2418 1252 redimere
2465 1208 2600 1252 non

391 1307 787 1373 dubitarunt.
851 1307 986 1373 Nec
1043 1329 1195 1373 uero
1242 1309 1532 1373 contenti
1578 1329 1652 1374 eo
1700 1312 1873 1393 quod
1920 1311 2178 1372 tantum
2225 1308 2597 1373 thesaurum

260 1499 264 1504 ,
392 1428 543 1492 olim
613 1428 977 1514 turpissime
1047 1433 1406 1514 surreptum
1474 1431 1720 1513 patriae
1782 1429 2245 1511 restituebant,
2310 1429 2597 1493 omnium

393 1550 505 1635 qui
565 1549 812 1614 litteras
872 1556 1096 1615 amant
1156 1551 1504 1615 commodis
1566 1551 1821 1635 egregie
1879 1551 2187 1615 inseruire
2230 1551 2592 1615 uoluerunt.

386 1664 718 1737 Iusse'runt
762 1671 934 1736 enim
979 1671 1124 1736 illos
1172 1672 1368 1737 libros
1414 1673 1485 1737 in
1532 1673 1861 1757 publicam
1910 1671 2377 1737 Bibliothecam
2426 1671 2594 1736 Lau-

387 1793 747 1857 rentianam
785 1787 1224 1858 Florentinam
1261 1793 1487 1880 inferri
1523 1794 1738 1879 ibique
1777 1815 1996 1858 eorum
2037 1816 2222 1858 usum
2250 1792 2595 1878 unicuique

386 1913 734 1979 liberaliter
780 1915 1058 1979 coneedi—
1075 1912 1146 2000 1).
1940 1909 1948 1917 ’

472 2031 855 2100 Conseruari
900 2039 1114 2100 autem
1151 2037 1322 2100 inter
1361 2036 1608 2102 codices
1648 2036 2300 2101 Ashburnhamenses
2342 2057 2381 2100 a
2419 2035 2598 2099 Libri

379 2158 716 2240 congestos
799 2161 863 2222 et
928 2157 1162 2222 librum
1235 2159 1433 2223 Plinii
1504 2159 1923 2243 epistularum
1996 2157 2184 2222 ualde
2258 2157 2596 2240 antiquum

373 2279 618 2363 primus
678 2301 783 2347 an.
840 2279 1016 2345 1883
1061 2281 1282 2348 docui-t
1329 2280 1817 2346 Ludouicus
1864 2279 2185 2356 flavet,
2236 2280 2348 2363 qui
2392 2299 2598 2363 pauca

373 2399 524 2463 inde
586 2402 814 2465 nactus
873 2403 1173 2485 excerpta
1221 2402 1538 2486 sagaciter
1585 2401 1806 2467 statim
1854 2401 2023 2464 uidit
2048 2399 2101 2486 ⁵³)
2149 2398 2333 2463 illum
2383 2400 2594 2483 ipsum

372 2541 507 2584 esse
553 2521 834 2586 codicem
881 2521 1373 2587 Riccardianum
1421 2544 1460 2586 a
1497 2521 1704 2586 Keilio
1746 2526 1880 2587 tam
1927 2522 2159 2586 acriter
2202 2520 2311 2585 sed
2352 2519 2595 2584 frustra

376 2641 752 2723 quaesitum.
823 2641 1048 2726 Neque
1108 2642 1298 2707 aliter
1354 2643 1665 2708 iudicauit
1728 2643 1865 2707 Th.
1915 2641 2255 2726 Stangl,
2307 2641 2594 2705 omnium

374 2758 506 2824 fere
541 2760 784 2844 primus
823 2762 931 2847 qui
969 2762 1907 2829 libris·Ashburnhamensibus
1945 2762 2344 2828 Florentiam
2370 2761 2589 2827 relatis

377 2884 635 2964 poterat
671 2883 803 2965 uti,
841 2882 951 2947 ubi
989 2884 1162 2948 inter
1196 2884 1323 2949 alia
1363 2885 1568 2950 multa
1605 2906 1769 2969 quae
1813 2885 2047 2950 summi
2068 2888 2222 2949 sunt
2246 2884 2588 2961 momenti,

375 3004 593 3067 adesse
631 3002 796 3067 uidit
830 3004 1107 3069 codicem
1147 3026 1397 3090 quoque
1435 3005 1853 3090 epistularum
1880 3005 2107 3084 Plinii,
2135 3027 2324 3090 quem
2357 3026 2504 3069 mox
2530 3008 2596 3069 et

367 3124 534 3207 ipse,
578 3123 837 3202 Havetii
875 3129 1094 3191 tamen
1128 3127 1585 3212 disputationis
1608 3128 1901 3212 ignarus,
1929 3128 2235 3212 cognouit
2260 3149 2394 3191 esse
2418 3109 2594 3192 codi-

370 3267 506 3310 cem
545 3246 1229 3315 Riccardianum.
1283 3248 1372 3313 Et
1417 3271 1495 3314 ex
1533 3250 1612 3313 iis
1651 3271 1814 3335 quae
1856 3250 2117 3314 interim
2143 3250 2220 3313 de
2244 3270 2319 3314 eo
2348 3250 2597 3314 monuit

372 3367 441 3432 in
513 3365 962 3448 Philologi
1034 3372 1188 3433 tom.
1261 3368 1439 3436 XLV
1510 3377 1644 3451 (an.
1713 3371 1951 3457 1886),
2019 3390 2170 3456 pag.
2240 3370 2596 3436 220-223

371 3490 639 3571 apparet
675 3510 878 3572 quam.
910 3493 1080 3554 recte
1118 3490 1273 3555 olim
1313 3490 1618 3555 iudicarit
1657 3492 1924 3556 Keilius.
1976 3490 2183 3568 Quare
2207 3511 2595 3575 magnopere

375 3612 472 3672 est
533 3609 890 3692 optandum
953 3614 1028 3674 ut
1087 3611 1266 3675 breui
1329 3612 1539 3676 soluat
1598 3612 1927 3697 Stanglius
1993 3612 2062 3675 id
2124 3611 2297 3696 quod
2358 3611 2450 3675 ibi
2498 3614 2597 3675 est

377 3728 735 3814 pollicitus,
787 3752 854 3795 se
890 3730 1098 3825 fusius
1136 3732 1212 3796 de
1250 3732 1364 3798 illo
1406 3734 1622 3798 codice
1662 3756 1797 3798 esse
1837 3734 2310 3818 disputaturum
2349 3733 2592 3797 uarias-

375 3872 498 3934 que
543 3848 716 3915 illius
764 3850 1072 3918 lectiones
1123 3854 1455 3920 nobiscum
1504 3856 2142 3921 communicaturum.

466 4095 512 4155 l)
548 4093 622 4144 cf.
657 4094 744 4142 Th.
779 4091 1003 4155 Stangl
1037 4091 1088 4140 in
1123 4090 1455 4155 Philologi
1491 4094 1608 4141 tom.
1654 4090 1785 4139 XLV
1824 4093 1919 4152 (an.
1961 4091 2139 4153 1886),
2176 4107 2283 4155 pag.
2304 4090 2596 4147 sol—236,

361 4175 564 4225 maxime
598 4190 710 4224 uero
743 4175 797 4223 1..
837 4172 1105 4231 Delisle,
1144 4173 1191 4220 N
1195 4172 1341 4221 otiees
1373 4188 1456 4221 sur
1490 4174 1570 4221 des
1606 4173 1894 4222 manuscrits
1929 4174 1993 4224 du
2022 4172 2160 4221 fonds
2188 4171 2321 4221 Libri
2353 4169 2600 4220 conserves

361 4257 392 4305 a
423 4258 472 4306 la
506 4256 856 4306 Laurentienne
889 4255 920 4303 a
953 4255 1179 4304 Flet-enee
1216 4254 1296 4322 (=
1324 4255 1515 4304 Extrait
1542 4256 1622 4303 des
1653 4256 1699 4303 N
1703 4256 1849 4304 otices
1879 4258 1927 4304 et
1958 4254 2172 4304 Extraits
2205 4255 2285 4303 des
2316 4253 2602 4303 manuscrits

364 4339 420 4387 de
466 4338 514 4387 la
559 4337 894 4401 Bibliotheque
931 4335 1189 4385 Nationale
1223 4339 1314 4385 etc.
1351 4336 1574 4396 XXXII,
1610 4337 1664 4385 10
1699 4337 1883 4401 partie,
1923 4337 2082 4395 1886,
2122 4351 2226 4400 pag.
2266 4336 2293 4384 1
2332 4335 2486 4398 sqq),
2519 4333 2599 4383 ubi

362 4436 469 4485 pag.
502 4422 567 4469 48
603 4419 682 4481 (ιιο
717 4420 806 4483 98)
840 4420 1020 4469 citatur
1053 4419 1200 4468 codex
1233 4418 1384 4468 Plinii
1420 4419 1776 4469 Riccardianus.

464 4503 519 4565 2)
572 4502 654 4551 In:
709 4503 912 4550 Revue
964 4501 1247 4564 critique
1298 4500 1549 4550 d'histoire
1601 4504 1650 4550 et
1685 4502 1742 4549 de
1778 4500 2075 4558 litterature,
2114 4500 2286 4550 XVII⁰
2320 4501 2498 4558 annee,
2534 4500 2593 4548 20

365 4582 502 4634 serie.
537 4611 604 4623 -
638 4584 798 4633 Nouv.
834 4583 982 4638 serie,
1017 4586 1134 4652 tom.
1170 4582 1298 4632 XVI
1336 4583 1541 4648 (1883),
1577 4599 1684 4648 pag.
1723 4584 2006 4633 251-254.
