3488 5564
1437 544 1520 609 19

366 747 554 812 opere
599 728 691 792 ibi
715 732 1022 792 contento
1047 728 1304 812 eiusque
1329 730 1587 792 auctore
1609 748 1813 810 pauca
1838 727 2153 792 docerent.
2201 725 2384 790 Talia
2408 725 2566 790 etin

366 849 486 914 hoc
525 854 745 915 nostro
787 850 1001 916 codice
1045 887 1126 898 —
1167 854 1241 914 ut
1277 849 1450 914 infra
1486 848 1789 915 indicabo
1820 887 1900 898 —
1928 849 2385 926 inueniuntur,
2411 847 2567 912 etin

362 971 697 1054 permultis
741 993 902 1036 saec.
947 969 1299 1036 VIII—XI
1343 971 1666 1036 codicibus
1689 993 1724 1036 e
1749 970 1959 1037 Gallia
1984 971 2257 1036 maxime
2281 969 2567 1035 oriundis

364 1089 700 1176 leguntur:
744 1093 948 1157 multa
986 1093 1137 1159 inde
1179 1114 1216 1156 a
1250 1093 1444 1157 uariis
1469 1092 1623 1157 uiris
1648 1092 1854 1158 doctis
1876 1096 2033 1157 sunt
2056 1093 2229 1183 edita
2248 1140 2264 1172 ,
2287 1092 2566 1178 plurima

365 1211 576 1278 adhuc
613 1213 840 1280 latent.
889 1214 969 1278 In
1009 1214 1086 1278 iis
1130 1235 1281 1279 uero
1321 1236 1485 1298 quae
1508 1214 1578 1277 in
1601 1213 1732 1278 illis
1758 1215 2236 1279 commentariis
2259 1213 2569 1298 leguntur

364 1353 813 1417 saepenumero
862 1334 1237 1418 carbonem,
1288 1337 1364 1398 ut
1410 1335 1628 1412 aiunt,
1676 1355 1795 1418 pro
1835 1334 2140 1400 thesauro
2178 1334 2564 1401 inuenimun.

449 1453 712 1518 Praeter
771 1453 927 1519 haec
987 1476 1150 1539 quae
1211 1456 1586 1520 enumeraui
1646 1455 1822 1520 notis
1885 1455 2248 1521 Tironianis
2292 1455 2530 1540 scripta
2550 1502 2567 1533 ,

361 1577 597 1640 adsunt
656 1576 945 1660 exempla
1006 1576 1350 1641 admodum
1412 1598 1616 1660 pauca
1662 1599 1826 1661 quae
1873 1577 2226 1642 ostendunt
2272 1576 2567 1641 librarios

357 1699 656 1760 notarum
713 1695 952 1779 peritos
1012 1697 1288 1762 auctoris
1350 1697 1615 1762 alicuius
1674 1697 1907 1761 ueteris
1971 1718 2133 1782 opus
2195 1698 2294 1762 uel
2353 1701 2563 1762 totum

358 1816 460 1880 uel
508 1815 744 1900 partim
789 1817 883 1880 ita
931 1817 1354 1904 descripsisse.
1403 1816 1568 1884 Sunt
1613 1821 1829 1884 autem
1874 1791 2005 1883 fere
2053 1818 2244 1886 haec:

546 2055 886 2123 Boethii
944 2059 1023 2123 de
1084 2060 1325 2127 consol.
1390 2060 1547 2145 phil.
1615 2060 1779 2146 (III,
1846 2061 1913 2142 5)
1962 2083 2183 2126 uersus
2232 2060 2447 2126 decem
2492 2063 2563 2126 in

452 2177 722 2262 Vergilii
767 2180 905 2246 cod.
959 2179 1155 2246 Paria.
1209 2181 1382 2246 7925
1433 2181 1742 2262 (Oolbert.
1796 2183 2035 2264 2077),
2084 2204 2247 2250 saec.
2295 2181 2411 2249 IX.

534 2298 848 2365 Isidori
897 2300 1075 2387 Orig.
1125 2277 1263 2388 cap.
1311 2306 1389 2368 de
1437 2303 1762 2389 orthogr.,
1806 2303 2287 2369 Defensoris
2323 2303 2565 2369 Lococ-

443 2421 756 2506 ciagensis
816 2424 1120 2489 monachi
1183 2424 1739 2511 [Pseudo-Bedae]
1810 2425 2249 2520 Scintillarum
2298 2446 2436 2510 cap.
2487 2427 2565 2488 de

445 2543 843 2622 curiositate,
892 2544 1018 2608 alia
1063 2566 1226 2629 quae
1271 2567 1350 2610 ex
1396 2549 1577 2613 codd.
1644 2545 1942 2613 Vatican.
1984 2545 2146 2630 Reg.
2188 2545 2321 2612 846
2343 2592 2360 2623 ,
2402 2565 2563 2611 saec.

451 2663 732 2747 IX—-X,
783 2668 848 2729 et
894 2665 1172 2734 Bruxell.
1223 2688 1384 2733 saec.
1434 2666 1532 2750 X,
1573 2667 1775 2732 edidit
1814 2666 2030 2733 Guil.
2078 2665 2447 2732 Schmitz
2492 2666 2563 2731 in

455 2807 670 2871 progr.
720 2785 956 2872 Gymn.
1005 2786 1174 2855 Guil.
1224 2788 1384 2874 Imp.
1447 2788 1674 2855 Golon.
1730 2789 2198 2855 1880—1881.

539 2904 601 2972 S.
674 2906 1142 2987 Ambrosii,
1213 2908 1276 2975 S.
1344 2910 1854 2995 Augustini,
1930 2910 2202 2975 aliorum
2270 2913 2567 2995 excerpta

451 3028 785 3111 quaedam,
832 3029 1062 3113 quibus
1102 3030 1414 3095 accedunt
1458 3030 1527 3094 M
1543 3053 1629 3095 ar
1645 3031 1718 3095 ci
1754 3031 2083 3096 cuiusdam
2110 3030 2340 3097 medici
2360 3030 2530 3096 dicta
2546 3078 2562 3109 ‚

449 3170 528 3212 ex
558 3152 730 3214 'cod.
781 3152 971 3216 Bern.
1038 3151 1198 3229 109,
1249 3174 1409 3219 saec.
1457 3150 1554 3230 X,
1606 3152 1700 3217 ed.
1755 3151 1839 3218 H.
1890 3152 2184 3237 Hagen
2231 3153 2302 3217 in
2346 3173 2564 3237 progr.

456 3269 655 3338 Acad.
703 3270 896 3337 Bern.
952 3273 1144 3338 1880.

544 3391 1002 3459 Octauiani
1050 3393 1441 3460 Caesaris
1492 3393 1941 3480 Epigramma:
1999 3393 2344 3479 Conuiuae,
2395 3398 2572 3461 tetri-

451 3538 551 3579 cae
637 3516 812 3581 hodie
891 3516 1174 3582 secludite
1259 3540 1439 3581 curae
1462 3562 1479 3593 ,
1547 3538 1625 3581 ex
1701 3516 1923 3581 eodem
1996 3517 2134 3581 cod.
2210 3516 2401 3583 Bern.
2475 3516 2573 3581 ed.

452 3634 784 3721 Hagen,
846 3636 1002 3701 ibid.
1052 3639 1118 3701 et
1162 3637 1234 3702 in
1283 3636 1478 3701 Mus·
1530 3636 1784 3703 Rhen.
1835 3636 2107 3721 XXXV,
2164 3638 2377 3722 1880,
2426 3658 2571 3723 pag.

455 3756 583 3821 569
633 3778 810 3842 sqq.;
859 3756 1285 3823 Baehrens
1334 3758 1405 3823 in
1444 3758 1624 3825 Poet.
1667 3757 1811 3823 Lat.
1852 3758 2020 3825 Min.
2060 3757 2178 3837 IV,
2227 3778 2379 3843 pag.
2425 3758 2576 3826 111.

539 3876 811 3943 Bedae
859 3880 938 3943 de
983 3882 1345 3965 temporum
1389 3880 1672 3963 ratione,
1725 3881 1805 3945 de
1850 3880 1945 3945 VI
1970 3880 2287 3945 aetatibus
2326 3882 2575 3966 mundi,

453 4001 569 4065 cet.
618 4002 914 4085 excerpta
959 4001 1028 4065 in
1075 4003 1214 4068 cod.
1262 4000 1560 4094 Ambros.
1611 4001 1699 4068 M.
1756 4002 1837 4066 12
1886 4026 2059 4089 sup„
2104 4024 2264 4069 saec.
2308 4001 2431 4069 IX.
2474 3999 2573 4068 cf.

452 4118 851 4201 Schmitz,
899 4120 1202 4207 Beitrage
1252 4126 1369 4187 cet.
1425 4143 1572 4209 pag.
1625 4122 1781 4189 259.

539 4240 604 4307 S.
651 4242 1064 4308 Iohannis
1111 4241 1704 4327 Chrysostomi
1742 4245 1823 4309 de
1856 4245 2063 4310 cordis
2099 4244 2573 4330 conpunctione

442 4362 512 4426 ll.
553 4362 621 4428 Π
655 4364 888 4429 Latine
923 4365 1123 4449 uersi,
1166 4387 1243 4430 ex
1281 4364 1421 4431 cod.
1462 4364 1662 4429 Paris.
1708 4364 1847 4431 Lat.
1892 4365 2066 4431 2718
2090 4415 2108 4450 ,
2132 4387 2296 4432 saec.
2321 4365 2439 4445 IX,
2470 4365 2568 4433 ed.

448 4482 848 4563 Schmitz,
915 4485 1341 4552 Monumenta
1399 4486 1909 4572 tachygraphica
1970 4486 2110 4551 cod.
2166 4485 2367 4553 Paria.
2426 4486 2570 4553 Lat.

459 4606 668 4686 2718,
718 4607 871 4673 fasc.
922 4607 1121 4689 alter,
1168 4607 1640 4688 Hannouerae,
1698 4610 1888 4691 1883.
